2648 4446
334 334 404 397 ruo
422 335 449 389 Ρ.
470 334 589 390 sasrro
608 333 741 395 omno
759 335 778 403 s
798 333 941 388 iro-rra.
1114 335 1157 403 57

122 528 277 602 Romano
305 525 518 592 commiserit.
569 524 644 608 lpse
672 525 727 590 ille
756 525 900 590 maxime
928 524 1051 605 ludius,
1086 543 1154 591 non

123 639 234 707 solum
269 639 446 723 spectator,
481 636 542 702 sed
576 640 667 703 actor
700 641 733 703 et
759 656 922 716 acroama,
958 638 1015 723 qui
1044 631 1158 704 omnia

123 751 247 818 sororis
279 749 425 816 embolia
454 750 556 828 novit,
586 750 644 834 qui
675 750 709 814 in
739 751 873 815 coetum
897 749 1074 815 mulierum
1098 768 1159 835 pro

123 863 258 949 psaltria
287 861 472 941 adducitur,
502 880 564 929 nec
590 865 668 928 tuos
691 861 791 928 ludos
815 861 945 946 aspexit
968 862 1002 926 in
1026 861 1083 928 illo
1107 880 1156 927 ar-

124 974 215 1041 denti
239 974 408 1040 tribunatu
433 992 496 1040 suo
521 993 582 1041 nec
605 975 692 1041 ullos
717 975 801 1040 alios
825 974 888 1039 nisi
905 991 975 1052 eos
999 974 1159 1059 aquibus

122 1088 178 1153 vix
211 1088 308 1154 vivus
342 1087 468 1172 eiiugit.
520 1086 641 1166 Semel,
677 1088 826 1172 inquam,
860 1104 897 1151 se
931 1085 1019 1151 ludis
1048 1086 1152 1153 homo

123 1199 295 1285 popularis
324 1200 493 1266 commisit
520 1201 670 1278 omnino,
702 1217 778 1265 cum
805 1199 839 1263 in
867 1198 994 1284 templo
1017 1198 1154 1264 Virtutis

124 1313 234 1378 bonos
257 1311 392 1377 habitus
415 1313 504 1379 esset
526 1312 636 1377 virtuti
661 1309 794 1396 Gaique
816 1310 911 1389 Mari,
940 1313 1152 1377 conservato-

125 1422 169 1489 ris
197 1424 297 1490 huius
326 1423 467 1508 imperii,
495 1426 754 1490 monumentum
779 1423 938 1507 municipi
963 1422 1035 1487 eius
1058 1424 1091 1488 et
1114 1423 1159 1488 rei

125 1534 280 1621 publicae
318 1535 485 1603 deiensori
524 1536 640 1603 sedem
679 1534 721 1600 ad
760 1535 902 1600 salutem
937 1534 1156 1620 praebuisset.

126 1645 205 1728 Quo
229 1646 367 1732 quidem
390 1651 542 1734 tempore
567 1647 648 1732 quid
673 1647 822 1733 populus
845 1646 1018 1720 Romanus
1035 1646 1157 1712 sentire
1177 1653 1227 1707 117

125 1776 163 1825 se
200 1759 400 1839 ostenderet,
440 1762 582 1845 utroque
622 1760 655 1824 in
693 1777 816 1844 genere
855 1759 1057 1825 declaratum
1093 1760 1157 1823 est:

126 1870 281 1956 primum,
309 1890 385 1937 cum
409 1871 526 1938 audito
550 1874 687 1938 senatus
715 1871 871 1938 consulto
899 1871 944 1936 rei
969 1871 1034 1956 ipsi
1058 1873 1158 1955 atque

126 1982 256 2050 absenti
281 1985 410 2050 senatui
428 1985 568 2070 plausus
585 1987 636 2050 est
651 1984 694 2050 ab
711 1984 875 2050 universis
892 1983 1001 2061 datus,
1025 1981 1158 2061 deinde,

126 2113 202 2162 cum
226 2096 438 2162 senatoribus
459 2097 602 2181 singulis
619 2097 805 2180 spectatum
823 2113 841 2160 e
858 2097 976 2160 senatu
993 2094 1159 2160 redeunti-

126 2207 205 2287 bus;
228 2227 304 2274 cum
321 2227 400 2275 vero
417 2210 500 2292 ipse,
525 2209 582 2294 qui
599 2207 699 2273 ludos
714 2207 867 2286 iaciebat,
889 2206 1006 2273 consul
1024 2206 1160 2285 assedit,

127 2322 253 2387 stantes
288 2322 318 2386 ei
353 2320 510 2386 manibus
544 2321 654 2404 passis
689 2319 812 2404 gratias
840 2321 980 2403 agentes
1008 2320 1040 2384 et
1067 2318 1159 2384 lacri-

128 2434 257 2499 mantes
274 2432 400 2517 gaudio
417 2451 513 2499 suam
530 2451 609 2517 erga
626 2450 680 2498 me
696 2431 967 2497 benevolentiam
980 2450 1018 2496 ac
1031 2431 1158 2496 miseri-

127 2543 275 2610 cordiam
298 2544 516 2611 declararunt.
562 2544 605 2610 nt
627 2564 702 2611 cum
727 2544 783 2610 ille
806 2543 1007 2609 furibundus
1027 2544 1160 2609 incitata

127 2655 183 2722 illa
207 2674 267 2723 sua
290 2656 446 2723 vaecordi
470 2659 582 2722 mente
605 2657 763 2734 venisset,
787 2657 842 2722 vix
865 2674 902 2721 se
925 2655 1073 2740 populus
1097 2654 1161 2728 Ro-

129 2786 248 2835 manus
264 2770 380 2847 tenuit,
404 2769 459 2834 vix
475 2769 630 2835 homines
647 2768 763 2835 odium
781 2786 880 2834 suum
897 2787 916 2832 a
932 2785 1071 2852 corpore
1087 2767 1160 2832 eius

127 2881 260 2966 impuro
284 2883 385 2966 atque
408 2881 547 2948 infando
571 2882 812 2966 represserunt;
835 2897 936 2945 voces
961 2878 1098 2964 quidem
1122 2881 1155 2944 et

127 2992 314 3077 palmarum
339 2993 486 3058 intentus
510 2996 543 3059 et
565 2992 819 3058 maledictorum
842 2991 1022 3057 clamorem
1040 3008 1160 3057 omnes

129 3103 357 3189 profuderunt.
380 3143 424 3151 -
447 3104 514 3172 Sed
538 3104 620 3190 quid
637 3123 703 3189 ego
720 3105 838 3191 populi
854 3104 996 3179 Romani
1013 3105 1162 3170 animum
1183 3108 1232 3164 118

127 3216 352 3301 virtutemque
382 3197 611 3285 commemoro
640 3217 826 3284 libertatem
854 3218 920 3283 iam
944 3234 985 3282 ex
1008 3216 1163 3282 diuturna

128 3329 286 3396 servitute
313 3328 520 3415 dispicientis
548 3329 582 3393 iu
610 3347 652 3395 eo
682 3330 831 3408 homine,
862 3329 915 3395 cui
939 3331 1009 3394 tum
1033 3327 1158 3411 petenti

128 3439 194 3505 iam
223 3440 427 3508 aedilitatem
457 3459 499 3506 ne
523 3441 703 3506 histriones
727 3440 865 3526 quidem
894 3458 1005 3506 coram
1034 3439 1164 3506 sedenti

129 3556 385 3638 perpercerunt?
429 3554 515 3621 Nam
545 3572 621 3620 cum
657 3555 811 3639 ageretur
838 3555 952 3637 togata
982 3550 1162 3630 Simulans

129 3668 166 3732 ut
192 3668 323 3753 opinor,
351 3669 481 3733 caterva
504 3669 574 3733 tota
598 3667 781 3733 clarissima
805 3665 1025 3731 concentione
1048 3664 1081 3729 in
1106 3682 1162 3731 ore

128 3779 251 3864 impuri
279 3780 426 3846 hominis
450 3779 631 3844 imminens
655 3778 847 3844 contionata
873 3778 938 3843 est:

895 3886 995 3968 ‘buic,
1017 3888 1101 3967 Tite,

194 4005 251 4068 tua
281 4005 359 4086 post
382 4004 544 4088 principia
568 4005 670 4087 atque
693 4003 802 4068 exitus
827 4001 973 4068 vitiosae
991 3992 1090 4066 uitae'
1101 4047 1109 4061 .
