2648 4446
339 322 409 382 ouo
427 321 455 376 P.
475 321 596 377 SESTIO
615 320 748 381 omno
766 321 784 390 s
805 321 947 376 128-129.
1121 323 1163 389 63

127 512 344 580 custodirent.
382 513 417 577 ln
442 531 508 578 una
531 531 606 578 mea
623 530 724 578 causa
741 515 820 596 post
834 511 976 584 Romam
993 510 1163 577 conditam

126 625 251 691 iactum
275 627 335 703 est,
360 626 396 689 ut
418 623 533 690 litteris
549 622 783 690 consularibus
799 640 840 688 ex
856 626 993 689 senatus
1008 623 1163 689 consulto

126 738 245 803 cuncta
279 754 321 802 ex
348 736 438 801 Italia
473 754 609 814 omnes,
644 736 702 820 qui
736 753 806 802 rem
837 735 1006 820 publicam
1035 735 1163 801 salvam

126 847 260 927 vellent,
295 850 566 914 convocarentur.
618 845 722 928 Quod
749 865 935 932 numquam
964 849 1100 913 senatus
1127 848 1163 913 in

127 961 303 1027 universae
331 961 376 1026 rei
405 960 560 1045 publicae
590 959 739 1045 periculo
763 958 917 1037 decrevit,
945 959 980 1024 id
1004 960 1037 1024 in
1061 960 1162 1025 unius

127 1091 202 1139 mea
226 1074 333 1139 salute
356 1072 586 1138 conservanda
607 1070 856 1137 deremendum
874 1072 1011 1156 putavit.
1050 1071 1161 1158 Quem

126 1185 216 1252 curia
240 1186 349 1270 magis
366 1185 547 1269 requisivit,
573 1201 676 1268 quem
692 1183 801 1248 iorum
819 1183 910 1262 luxit,
935 1202 1036 1269 quem
1053 1201 1162 1268 aeque

126 1298 200 1381 ipsa
223 1297 400 1363 tribunalia
424 1296 719 1362 desideraverunt?
760 1294 885 1363 Omnia
909 1294 1061 1362 discessu
1084 1314 1161 1362 meo

127 1408 257 1475 deserta
278 1409 421 1488 horrida,
446 1411 538 1474 muta
554 1408 654 1493 plena
672 1407 780 1474 luctus
797 1410 830 1474 et
846 1409 1005 1474 maeroris
1021 1407 1162 1475 iuemnt.

127 1521 214 1602 Quis
238 1525 289 1587 est
304 1521 416 1587 italiae
436 1521 542 1600 locus,
566 1521 600 1585 in
619 1538 688 1606 quo
705 1539 774 1586 non
789 1520 894 1585 iixum
911 1521 1003 1585 sitin
1020 1519 1163 1604 publicis

126 1634 355 1699 monumentis
384 1632 533 1699 studium
562 1632 680 1698 salutis
708 1650 819 1711 meae,
854 1632 1084 1698 testimonium
1114 1631 1162 1696 di-

126 1746 285 1830 gnitatis?
301 1745 447 1811 -Nam
472 1745 553 1830 quid
578 1763 644 1829 ego
668 1744 723 1810 illa
747 1744 789 1810 de
813 1763 866 1810 me
891 1744 1003 1810 divina
1019 1744 1160 1810 senatus
1180 1751 1230 1807 129

125 1856 283 1924 consultu
317 1858 604 1924 commemorem?
637 1857 689 1924 vei
725 1856 817 1942 quod
853 1857 887 1921 in
918 1857 1042 1940 templo
1069 1856 1162 1922 lovis

126 1968 255 2055 Optimi
273 1971 412 2036 Maximi
435 1970 559 2035 iactum
584 1972 644 2049 est,
668 1987 744 2035 cum
769 1969 817 2035 vir
840 1969 878 2048 is,
904 1970 960 2053 qui
985 1969 1161 2054 tripertitas

126 2082 216 2148 orbis
246 2084 405 2149 tenarum
434 2101 510 2148 oras
538 2087 639 2166 atque
667 2081 824 2166 regiones
851 2081 957 2146 tribus
984 2081 1161 2166 triumphis

125 2193 299 2260 adiunctas
334 2194 411 2259 truie
439 2194 579 2277 imperio
604 2193 740 2271 notavit,
776 2192 818 2258 de
847 2193 970 2276 scripto
998 2192 1162 2258 sententia

125 2306 211 2372 dicta
236 2307 317 2372 mihi
341 2306 399 2371 uni
423 2306 654 2371 testimonium
679 2305 804 2390 patriae
826 2307 1042 2371 conservatae
1058 2304 1159 2384 dedit,

125 2419 220 2484 cuius
249 2419 449 2485 sententiam
481 2419 524 2484 ita
548 2418 840 2502 frequentissimus
865 2421 1002 2483 senatus
1026 2420 1160 2484 secutus

124 2533 184 2610 est,
221 2533 258 2597 ut
291 2549 379 2596 unus
411 2530 601 2596 dissentiret
630 2530 736 2596 hostis
764 2529 868 2615 idque
896 2531 1008 2614 ipsum
1035 2530 1159 2596 tabuiis

125 2643 269 2727 publicis
303 2643 516 2709 mandaretur
550 2642 593 2707 ad
621 2642 817 2708 memoriam
847 2643 971 2726 posteri
998 2642 1160 2726 temporis

124 2756 377 2840 sempiternam;
411 2755 463 2821 vel
502 2755 595 2841 quod
635 2757 686 2821 est
724 2754 886 2839 postridie
921 2754 1090 2820 decretum
1125 2755 1159 2819 in

124 2867 220 2930 curio
246 2867 364 2951 populi
392 2867 498 2952 ipsius
523 2866 664 2940 Romani
693 2869 725 2932 et
748 2884 875 2945 eorum,
905 2865 962 2951 qui
987 2884 1027 2931 ex
1050 2866 1158 2930 muni-

124 2976 221 3060 cipiis
251 2982 485 3054 convenerant,
509 2979 700 3044 admonitu:
730 2997 771 3045 ne
800 2978 876 3063 quis
905 2977 947 3043 de
975 2977 1069 3044 caelo
1093 2997 1158 3044 ser·

123 3091 225 3167 varet,
255 3107 297 3155 ne
328 3091 404 3174 quis
432 3109 561 3156 moram
599 3091 700 3156 ullam
735 3091 873 3168 aiterret,
905 3091 933 3156 si
961 3090 1038 3176 quis
1067 3090 1160 3156 aliter

123 3201 268 3280 iecisset,
292 3219 370 3267 eum
394 3202 493 3286 plane
517 3222 707 3270 eversorem
731 3204 776 3269 rei
801 3203 955 3289 publicae
971 3203 1040 3268 tore
1057 3202 1160 3287 idque

124 3317 278 3380 senatum
313 3312 511 3397 gravissime
545 3314 699 3393 laturum,
734 3317 767 3380 et
801 3317 836 3380 ut
871 3315 981 3380 statim
1017 3314 1058 3379 de
1086 3314 1160 3379 eius

123 3425 210 3492 tacto
238 3427 425 3504 reierretur;
460 3444 527 3511 qua
555 3427 715 3509 gravitate
743 3446 803 3493 sua
828 3445 904 3492 cum
927 3427 1084 3511 frequens
1108 3444 1159 3491 se-

125 3544 223 3604 natus
268 3539 508 3605 nonnullorum
547 3537 657 3604 scelus
696 3539 941 3624 audaciamque
985 3538 1158 3617 tardasset,

123 3652 236 3715 tamen
271 3651 353 3717 iilud
382 3650 520 3730 addidit,
557 3653 602 3730 ut,
638 3651 666 3716 si
695 3651 815 3717 diebus
845 3652 1005 3736 quinque,
1035 3651 1159 3736 quibus

124 3762 179 3845 agi
214 3760 256 3827 de
291 3782 345 3828 me
375 3764 550 3848 potuisset,
587 3782 655 3829 non
684 3765 773 3829 esset
800 3764 921 3841 actum,
957 3762 1097 3828 redirem
1125 3764 1159 3827 in

125 3874 265 3958 patriam
294 3873 456 3958 dignitate
486 3876 579 3941 omni
609 3878 811 3961 recuperata.
857 3875 1012 3940 Decrevit
1038 3875 1159 3941 eodem

124 3987 276 4069 tempore
300 3987 447 4064 senatus,
472 3988 508 4051 ut
531 3987 581 4065 iis,
606 3988 663 4072 qui
681 4005 722 4052 ex
737 3989 807 4052 tota
824 3986 917 4052 Italia
932 3987 1051 4051 salutis
1064 4004 1168 4048 meae.
