2648 4446
368 328 440 389 PRO
457 328 486 384 P.
506 329 627 386 SESTIO
645 328 779 390 ORATIO
797 329 816 398 §
834 329 945 385 85-86.
1134 332 1176 398 43

143 538 196 586 res
230 519 304 605 ipsa
337 519 380 585 ad
411 519 485 585 eius
513 519 607 586 modi
635 519 802 605 praesidia
829 521 919 588 viros
946 520 1058 588 bonos
1085 539 1176 588 com-

141 628 309 716 pellebat?
353 631 445 697 Pulsi
469 649 532 698 nos
556 650 688 698 eramus
719 651 789 699 non
816 633 957 700 omnino
984 633 1047 699 ista
1074 651 1176 698 manu

142 743 225 823 sola,
249 742 310 809 sed
333 745 446 809 tamen
470 761 539 809 non
563 744 636 810 sine
659 743 737 809 ista:
764 762 826 811 vos
850 744 939 811 taciti
962 743 1177 822 maerebatis;

141 857 276 941 captum
301 857 370 921 erat
391 856 501 922 iorum
524 874 615 923 anno
640 857 811 941 superiore
827 857 911 922 aede
928 856 1079 924 Castoris
1094 858 1177 922 tam-

144 985 247 1052 quam
285 985 360 1034 arce
396 967 509 1052 aliqua
547 987 566 1034 a
604 968 754 1053 fugitivis
789 971 965 1054 occupata:
1003 968 1177 1046 silebatur;

144 1080 259 1146 omnia
294 1079 470 1146 hominum
504 1098 581 1146 cum
616 1082 766 1165 egestate
798 1083 869 1146 tum
900 1081 1041 1148 audacia
1069 1080 1177 1166 perdi·

141 1194 251 1260 torum
275 1192 430 1272 clamore,
458 1210 634 1272 concursu,
662 1194 705 1273 vi,
734 1211 837 1259 manu
860 1193 1077 1279 gerebantur:
1105 1211 1178 1278 per·

146 1304 316 1383 terebatis;
340 1305 556 1390 magistratus
571 1305 707 1391 templis
723 1305 942 1391 pellebantur,
965 1306 1021 1371 alii
1037 1305 1178 1373 omnino

144 1416 236 1483 aditu
260 1435 298 1483 ac
320 1417 393 1484 loro
418 1417 696 1503 prohibebantur:
720 1437 822 1486 nemo
837 1418 1027 1497 resistebat;
1050 1417 1177 1504 gladia-

142 1530 230 1595 tores
264 1547 306 1595 ex
339 1531 502 1615 praetoris
537 1530 698 1597 comitatu
726 1531 927 1616 comprensi,
961 1531 996 1596 in
1024 1531 1177 1596 senatum

145 1640 336 1721 introducti,
359 1643 515 1723 confessi,
540 1643 574 1708 in
590 1642 698 1709 vincla
714 1643 855 1710 coniecti
872 1662 891 1710 a
906 1643 1046 1722 Milone,
1063 1643 1178 1709 emissi

141 1770 160 1818 a
189 1751 346 1821 Semano:
380 1756 507 1823 mentio
542 1756 648 1835 nulla;
682 1756 792 1822 iorum
826 1755 1023 1842 corporibus
1054 1755 1177 1821 civium

144 1863 373 1938 Romanorum
401 1870 607 1935 constratum
635 1868 738 1934 caede
766 1870 941 1935 nocturna:
976 1887 1044 1936 non
1073 1867 1177 1935 modo

142 1978 234 2044 nulla
258 1998 346 2047 nova
370 1982 536 2066 quaestio,
561 1981 621 2047 sed
645 1981 745 2048 etiam
768 1983 880 2047 vetera
896 1981 1019 2047 iudicia
1035 1981 1176 2048 sublata.

143 2088 328 2157 Tribunum
353 2092 398 2177 pl.
415 2092 492 2178 plus
507 2094 626 2179 viginti
641 2093 836 2160 vulneribus
853 2094 998 2179 acceptis
1014 2094 1175 2160 iacentem

147 2202 457 2289 moribundumque
477 2205 622 2286 vidistis;
645 2206 780 2272 alterius
804 2205 927 2271 tribuni
951 2205 1006 2290 pl,
1030 2205 1178 2272 hominis

148 2312 270 2399 (dicam
295 2315 395 2395 enim,
430 2316 523 2401 quod
548 2318 656 2385 sentio
691 2320 724 2384 et
746 2317 840 2403 quod
870 2336 1002 2384 mecum
1030 2319 1178 2384 sentiunt

145 2426 279 2513 omnes)
297 2427 410 2508 divini,
435 2429 560 2516 insigni
576 2430 735 2516 quadam,
759 2431 919 2510 inaudita,
943 2448 1031 2497 nova
1047 2430 1177 2515 magni·

145 2538 262 2606 tudine
279 2541 392 2621 animi,
415 2543 587 2627 gravitate,
610 2542 678 2609 iide
695 2542 845 2628 praediti,
862 2543 986 2610 domus
1002 2546 1053 2609 est
1068 2561 1176 2628 oppu-

141 2653 243 2736 gnata
266 2653 362 2733 ierro,
385 2653 525 2735 lacibus,
550 2657 694 2722 exercitu
719 2655 897 2722 Clodiano.

226 2765 267 2830 Et
288 2766 325 2830 tu
348 2765 413 2832 boc
436 2766 512 2834 loco
536 2767 654 2834 laudas
670 2767 844 2836 Milonem
869 2770 902 2833 et
924 2768 994 2833 iure
1018 2765 1174 2833 laudae.
1194 2775 1229 2830 86

142 2874 254 2956 Quem
289 2878 380 2945 enim
415 2897 577 2964 umquam
612 2880 719 2946 virum
753 2883 821 2946 tam
850 2879 1028 2945 immortali
1057 2879 1176 2945 virtute

142 2989 314 3056 vidimus?
348 2992 406 3076 qui
437 2991 531 3059 nullo
559 2994 709 3078 praemio
737 2993 912 3078 proposito
940 2996 1069 3078 praeter
1102 2993 1176 3073 hoc,

141 3102 324 3186 quodiam
348 3104 525 3170 contritum
550 3108 583 3170 et
598 3107 829 3191 contemptum
847 3107 990 3190 putatur,
1014 3105 1175 3173 iudicium

142 3213 321 3294 bonorum,
356 3217 470 3283 omnia
494 3217 650 3302 pericula,
675 3236 828 3284 summos
852 3217 995 3297 labores,
1019 3219 1175 3303 gravissi-

139 3345 213 3392 mas
246 3328 481 3394 contentiones
515 3330 773 3415 inimicitiasque
808 3330 970 3415 suscepit;
1005 3331 1063 3416 qui
1094 3331 1175 3396 mihi

139 3456 228 3506 unus
263 3458 304 3506 ex
338 3441 497 3507 omnibus
527 3441 657 3508 civibus
684 3441 815 3508 videtur
842 3461 876 3508 re
903 3441 1071 3521 docuisse,
1106 3461 1175 3510 non

139 3551 260 3631 verbis,
297 3554 330 3618 et
363 3552 445 3637 quid
474 3556 643 3638 oporteret
669 3573 688 3620 a
712 3554 959 3639 praestantibus
981 3554 1061 3620 viris
1084 3555 1118 3620 in
1142 3574 1176 3622 re

140 3664 273 3749 publica
297 3665 368 3731 lieri
392 3667 426 3731 et
448 3665 530 3750 quid
547 3684 685 3733 necesse
702 3668 805 3732 esset:
829 3669 983 3752 oportere
999 3667 1174 3734 hominum

140 3777 329 3857 audacium,
358 3796 550 3844 eversorum
574 3779 619 3845 rei
643 3778 808 3864 publicae,
839 3778 954 3845 sceleri
983 3778 1116 3864 legibus
1144 3782 1177 3846 et

139 3888 272 3955 iudiciis
299 3890 466 3969 resistere;
501 3891 529 3956 si
558 3892 652 3975 leges
675 3909 744 3957 non
767 3890 924 3970 valerent,
960 3890 1082 3958 iudicia
1106 3910 1174 3959 non

137 4003 260 4080 essent,
285 4003 312 4068 si
336 4020 387 4068 res
411 4001 600 4088 publicavi
624 4021 863 4090 consensuque
879 4003 1063 4070 audacium
1075 4004 1181 4068 armis

1228 4142 1249 4183 1
