<?xml version="1.0" encoding="UTF-8"?>
<!DOCTYPE html PUBLIC "-//W3C//DTD XHTML 1.0 Transitional//EN"
    "http://www.w3.org/TR/xhtml1/DTD/xhtml1-transitional.dtd">
<html xmlns="http://www.w3.org/1999/xhtml" xml:lang="en" lang="en">
 <head>
  <title>
</title>
<meta http-equiv="Content-Type" content="text/html;charset=utf-8" />
  <meta name='ocr-system' content='tesseract 3.04.00' />
  <meta name='ocr-capabilities' content='ocr_page ocr_carea ocr_par ocr_line ocrx_word'/>
</head>
<body>
  <div class='ocr_page' id='page_1' title='image "./redefrsestius00cicegoog_0067.png"; bbox 0 0 2648 4446; ppageno 0'>
   <div class='ocr_carea' id='block_1_1' title="bbox 170 335 997 407">
    <p class='ocr_par' dir='ltr' id='par_1_1' title="bbox 170 335 997 407">
     <span class='ocr_line' id='line_1_1' title="bbox 170 335 997 407; baseline -0.001 -15"><span class='ocrx_word' id='word_1_1' title='bbox 170 339 213 407; x_wconf 87' lang='lat'><strong>58</strong></span> <span class='ocrx_word' id='word_1_2' title='bbox 386 338 456 399; x_wconf 87' lang='lat' dir='ltr'><strong>PRO</strong></span> <span class='ocrx_word' id='word_1_3' title='bbox 475 336 503 391; x_wconf 86' lang='lat' dir='ltr'><strong>P.</strong></span> <span class='ocrx_word' id='word_1_4' title='bbox 523 336 643 392; x_wconf 87' lang='lat' dir='ltr'>SESTIO</span> <span class='ocrx_word' id='word_1_5' title='bbox 662 335 796 398; x_wconf 78' lang='lat' dir='ltr'>ORATIO</span> <span class='ocrx_word' id='word_1_6' title='bbox 815 337 833 406; x_wconf 82' lang='lat'>§</span> <span class='ocrx_word' id='word_1_7' title='bbox 854 337 997 392; x_wconf 79' lang='lat'>118-120.</span> 
     </span>
    </p>
   </div>
   <div class='ocr_carea' id='block_1_2' title="bbox 110 527 1214 4084">
    <p class='ocr_par' dir='ltr' id='par_1_2' title="bbox 173 527 1211 1287">
     <span class='ocr_line' id='line_1_2' title="bbox 174 527 1209 613; baseline -0.003 -18"><span class='ocrx_word' id='word_1_8' title='bbox 174 528 322 596; x_wconf 89' lang='lat' dir='ltr'><strong>Sedebat</strong></span> <span class='ocrx_word' id='word_1_9' title='bbox 349 528 559 594; x_wconf 86' lang='lat' dir='ltr'><strong>exanimatus</strong></span> <span class='ocrx_word' id='word_1_10' title='bbox 587 529 619 592; x_wconf 93' lang='lat' dir='ltr'><strong>et</strong></span> <span class='ocrx_word' id='word_1_11' title='bbox 646 528 685 608; x_wconf 90' lang='lat' dir='ltr'><strong>is,</strong></span> <span class='ocrx_word' id='word_1_12' title='bbox 716 527 774 613; x_wconf 90' lang='lat' dir='ltr'><strong>qui</strong></span> <span class='ocrx_word' id='word_1_13' title='bbox 803 531 900 594; x_wconf 89' lang='lat' dir='ltr'><strong>antea</strong></span> <span class='ocrx_word' id='word_1_14' title='bbox 927 531 1101 594; x_wconf 92' lang='lat' dir='ltr'><strong>cantorum</strong></span> <span class='ocrx_word' id='word_1_15' title='bbox 1130 546 1209 594; x_wconf 91' lang='lat' dir='ltr'><strong>con-</strong></span> 
     </span>
     <span class='ocr_line' id='line_1_3' title="bbox 173 630 1209 724; baseline -0.002 -18"><span class='ocrx_word' id='word_1_16' title='bbox 173 630 260 707; x_wconf 90' lang='lat' dir='ltr'><strong>vicio</strong></span> <span class='ocrx_word' id='word_1_17' title='bbox 283 641 459 706; x_wconf 90' lang='lat' dir='ltr'><strong>contiones</strong></span> <span class='ocrx_word' id='word_1_18' title='bbox 482 639 648 706; x_wconf 90' lang='lat' dir='ltr'><strong>celebrare</strong></span> <span class='ocrx_word' id='word_1_19' title='bbox 665 657 745 705; x_wconf 91' lang='lat' dir='ltr'><strong>suas</strong></span> <span class='ocrx_word' id='word_1_20' title='bbox 762 639 903 719; x_wconf 83' lang='lat' dir='ltr'><strong>solebat,</strong></span> <span class='ocrx_word' id='word_1_21' title='bbox 927 642 1101 706; x_wconf 88' lang='lat' dir='ltr'><strong>cantorum</strong></span> <span class='ocrx_word' id='word_1_22' title='bbox 1118 640 1209 724; x_wconf 92' lang='lat' dir='ltr'><strong>ipso·</strong></span> 
     </span>
     <span class='ocr_line' id='line_1_4' title="bbox 174 751 1211 836; baseline 0 -18"><span class='ocrx_word' id='word_1_23' title='bbox 174 771 247 818; x_wconf 90' lang='lat' dir='ltr'><strong>rum</strong></span> <span class='ocrx_word' id='word_1_24' title='bbox 270 752 411 818; x_wconf 87' lang='lat' dir='ltr'><strong>vocibus</strong></span> <span class='ocrx_word' id='word_1_25' title='bbox 435 751 625 817; x_wconf 89' lang='lat' dir='ltr'><strong>eiciebatur.</strong></span> <span class='ocrx_word' id='word_1_26' title='bbox 664 751 705 817; x_wconf 85' lang='lat' dir='ltr'><strong>Et</strong></span> <span class='ocrx_word' id='word_1_27' title='bbox 728 753 889 836; x_wconf 91' lang='lat' dir='ltr'><strong>quoniam</strong></span> <span class='ocrx_word' id='word_1_28' title='bbox 912 752 997 818; x_wconf 89' lang='lat' dir='ltr'><strong>iacta</strong></span> <span class='ocrx_word' id='word_1_29' title='bbox 1014 751 1142 817; x_wconf 93' lang='lat' dir='ltr'><strong>mentio</strong></span> <span class='ocrx_word' id='word_1_30' title='bbox 1160 754 1211 818; x_wconf 92' lang='lat' dir='ltr'><strong>est</strong></span> 
     </span>
     <span class='ocr_line' id='line_1_5' title="bbox 175 862 1210 949; baseline 0 -19"><span class='ocrx_word' id='word_1_31' title='bbox 175 864 342 943; x_wconf 90' lang='lat' dir='ltr'><strong>ludorum,</strong></span> <span class='ocrx_word' id='word_1_32' title='bbox 372 882 414 929; x_wconf 93' lang='lat' dir='ltr'><strong>ne</strong></span> <span class='ocrx_word' id='word_1_33' title='bbox 442 862 524 928; x_wconf 91' lang='lat' dir='ltr'><strong>illud</strong></span> <span class='ocrx_word' id='word_1_34' title='bbox 552 863 690 948; x_wconf 90' lang='lat' dir='ltr'><strong>quidem</strong></span> <span class='ocrx_word' id='word_1_35' title='bbox 719 864 989 949; x_wconf 78' lang='lat' dir='ltr'><strong>praetermittam,</strong></span> <span class='ocrx_word' id='word_1_36' title='bbox 1021 864 1054 929; x_wconf 95' lang='lat' dir='ltr'><strong>in</strong></span> <span class='ocrx_word' id='word_1_37' title='bbox 1085 883 1210 948; x_wconf 90' lang='lat' dir='ltr'><strong>magna</strong></span> 
     </span>
     <span class='ocr_line' id='line_1_6' title="bbox 173 975 1210 1061; baseline -0.001 -19"><span class='ocrx_word' id='word_1_38' title='bbox 173 976 331 1042; x_wconf 90' lang='lat' dir='ltr'><strong>varietate</strong></span> <span class='ocrx_word' id='word_1_39' title='bbox 354 975 594 1042; x_wconf 91' lang='lat' dir='ltr'><strong>sententiarum</strong></span> <span class='ocrx_word' id='word_1_40' title='bbox 618 994 804 1061; x_wconf 85' lang='lat' dir='ltr'>numquam</span> <span class='ocrx_word' id='word_1_41' title='bbox 829 976 935 1042; x_wconf 89' lang='lat' dir='ltr'><strong>ullum</strong></span> <span class='ocrx_word' id='word_1_42' title='bbox 958 976 1062 1042; x_wconf 92' lang='lat' dir='ltr'><strong>luisse</strong></span> <span class='ocrx_word' id='word_1_43' title='bbox 1086 975 1210 1055; x_wconf 89' lang='lat' dir='ltr'><strong>locum,</strong></span> 
     </span>
     <span class='ocr_line' id='line_1_7' title="bbox 175 1087 1211 1174; baseline 0 -22"><span class='ocrx_word' id='word_1_44' title='bbox 175 1088 208 1152; x_wconf 93' lang='lat' dir='ltr'><strong>in</strong></span> <span class='ocrx_word' id='word_1_45' title='bbox 243 1105 312 1173; x_wconf 90' lang='lat' dir='ltr'><strong>quo</strong></span> <span class='ocrx_word' id='word_1_46' title='bbox 346 1087 474 1174; x_wconf 90' lang='lat' dir='ltr'><strong>aliquid</strong></span> <span class='ocrx_word' id='word_1_47' title='bbox 509 1107 528 1153; x_wconf 88' lang='lat' dir='ltr'><strong>a</strong></span> <span class='ocrx_word' id='word_1_48' title='bbox 563 1090 664 1172; x_wconf 71' lang='lat' dir='ltr'><strong>poeta</strong></span> <span class='ocrx_word' id='word_1_49' title='bbox 699 1088 824 1154; x_wconf 92' lang='lat' dir='ltr'><strong>dictum</strong></span> <span class='ocrx_word' id='word_1_50' title='bbox 859 1088 977 1154; x_wconf 91' lang='lat' dir='ltr'><strong>cadere</strong></span> <span class='ocrx_word' id='word_1_51' title='bbox 1012 1089 1045 1153; x_wconf 96' lang='lat' dir='ltr'><strong>in</strong></span> <span class='ocrx_word' id='word_1_52' title='bbox 1074 1091 1211 1172; x_wconf 92' lang='lat' dir='ltr'><strong>tempus</strong></span> 
     </span>
     <span class='ocr_line' id='line_1_8' title="bbox 174 1199 1211 1287; baseline -0.002 -21"><span class='ocrx_word' id='word_1_53' title='bbox 174 1202 325 1266; x_wconf 89' lang='lat' dir='ltr'><strong>nostrum</strong></span> <span class='ocrx_word' id='word_1_54' title='bbox 349 1199 525 1279; x_wconf 88' lang='lat' dir='ltr'><strong>videretur,</strong></span> <span class='ocrx_word' id='word_1_55' title='bbox 555 1200 648 1284; x_wconf 91' lang='lat' dir='ltr'><strong>quod</strong></span> <span class='ocrx_word' id='word_1_56' title='bbox 672 1203 730 1266; x_wconf 91' lang='lat' dir='ltr'><strong>aut</strong></span> <span class='ocrx_word' id='word_1_57' title='bbox 752 1202 918 1287; x_wconf 92' lang='lat' dir='ltr'><strong>populum</strong></span> <span class='ocrx_word' id='word_1_58' title='bbox 942 1201 1136 1267; x_wconf 91' lang='lat' dir='ltr'><strong>universum</strong></span> <span class='ocrx_word' id='word_1_59' title='bbox 1159 1200 1211 1265; x_wconf 89' lang='lat' dir='ltr'><strong>lu-</strong></span> 
     </span>
    </p>

    <p class='ocr_par' dir='ltr' id='par_1_3' title="bbox 110 1312 1213 2967">
     <span class='ocr_line' id='line_1_9' title="bbox 110 1312 1212 1398; baseline 0.006 -25"><span class='ocrx_word' id='word_1_60' title='bbox 110 1319 159 1374; x_wconf 86' lang='lat'><strong>119</strong></span> <span class='ocrx_word' id='word_1_61' title='bbox 177 1313 270 1397; x_wconf 90' lang='lat' dir='ltr'><strong>geret</strong></span> <span class='ocrx_word' id='word_1_62' title='bbox 292 1313 350 1377; x_wconf 91' lang='lat' dir='ltr'><strong>aut</strong></span> <span class='ocrx_word' id='word_1_63' title='bbox 372 1330 440 1377; x_wconf 96' lang='lat' dir='ltr'><strong>non</strong></span> <span class='ocrx_word' id='word_1_64' title='bbox 464 1312 662 1397; x_wconf 83' lang='lat' dir='ltr'><strong>exprimeret</strong></span> <span class='ocrx_word' id='word_1_65' title='bbox 682 1314 755 1398; x_wconf 91' lang='lat' dir='ltr'><strong>ipse</strong></span> <span class='ocrx_word' id='word_1_66' title='bbox 771 1315 870 1378; x_wconf 88' lang='lat' dir='ltr'><strong>actor.</strong></span> <span class='ocrx_word' id='word_1_67' title='bbox 885 1312 985 1378; x_wconf 85' lang='lat' dir='ltr'><strong>-Et</strong></span> <span class='ocrx_word' id='word_1_68' title='bbox 1001 1330 1129 1398; x_wconf 88' lang='lat' dir='ltr'><strong>quaeso</strong></span> <span class='ocrx_word' id='word_1_69' title='bbox 1146 1313 1212 1380; x_wconf 93' lang='lat' dir='ltr'><strong>hoc</strong></span> 
     </span>
     <span class='ocr_line' id='line_1_10' title="bbox 176 1423 1211 1510; baseline 0.003 -22"><span class='ocrx_word' id='word_1_70' title='bbox 176 1423 261 1502; x_wconf 89' lang='lat' dir='ltr'><strong>loco,</strong></span> <span class='ocrx_word' id='word_1_71' title='bbox 286 1423 424 1503; x_wconf 90' lang='lat' dir='ltr'><strong>iudices,</strong></span> <span class='ocrx_word' id='word_1_72' title='bbox 449 1443 491 1490; x_wconf 93' lang='lat' dir='ltr'><strong>ne</strong></span> <span class='ocrx_word' id='word_1_73' title='bbox 515 1443 581 1510; x_wconf 90' lang='lat' dir='ltr'><strong>qua</strong></span> <span class='ocrx_word' id='word_1_74' title='bbox 601 1425 735 1491; x_wconf 89' lang='lat' dir='ltr'><strong>levitate</strong></span> <span class='ocrx_word' id='word_1_75' title='bbox 752 1443 806 1491; x_wconf 87' lang='lat' dir='ltr'><strong>me</strong></span> <span class='ocrx_word' id='word_1_76' title='bbox 822 1424 960 1491; x_wconf 93' lang='lat' dir='ltr'><strong>ductum</strong></span> <span class='ocrx_word' id='word_1_77' title='bbox 977 1425 1019 1491; x_wconf 94' lang='lat' dir='ltr'><strong>ad</strong></span> <span class='ocrx_word' id='word_1_78' title='bbox 1036 1425 1211 1492; x_wconf 90' lang='lat' dir='ltr'><strong>insolitum</strong></span> 
     </span>
     <span class='ocr_line' id='line_1_11' title="bbox 176 1535 1211 1622; baseline 0.001 -21"><span class='ocrx_word' id='word_1_79' title='bbox 176 1553 285 1620; x_wconf 89' lang='lat' dir='ltr'><strong>genus</strong></span> <span class='ocrx_word' id='word_1_80' title='bbox 309 1535 443 1602; x_wconf 92' lang='lat' dir='ltr'><strong>dicendi</strong></span> <span class='ocrx_word' id='word_1_81' title='bbox 467 1536 534 1602; x_wconf 93' lang='lat' dir='ltr'><strong>labi</strong></span> <span class='ocrx_word' id='word_1_82' title='bbox 558 1538 692 1621; x_wconf 89' lang='lat' dir='ltr'><strong>putetis,</strong></span> <span class='ocrx_word' id='word_1_83' title='bbox 717 1538 745 1602; x_wconf 91' lang='lat' dir='ltr'><strong>si</strong></span> <span class='ocrx_word' id='word_1_84' title='bbox 769 1538 811 1603; x_wconf 95' lang='lat' dir='ltr'><strong>de</strong></span> <span class='ocrx_word' id='word_1_85' title='bbox 835 1538 955 1622; x_wconf 73' lang='lat' dir='ltr'><strong>poetis,</strong></span> <span class='ocrx_word' id='word_1_86' title='bbox 979 1538 1022 1604; x_wconf 92' lang='lat' dir='ltr'><strong>de</strong></span> <span class='ocrx_word' id='word_1_87' title='bbox 1042 1537 1211 1603; x_wconf 90' lang='lat' dir='ltr'><strong>histrioni-</strong></span> 
     </span>
     <span class='ocr_line' id='line_1_12' title="bbox 174 1647 1211 1734; baseline 0.002 -21"><span class='ocrx_word' id='word_1_88' title='bbox 174 1647 249 1727; x_wconf 88' lang='lat' dir='ltr'>bus,</span> <span class='ocrx_word' id='word_1_89' title='bbox 279 1648 432 1713; x_wconf 91' lang='lat' dir='ltr'><strong>deludis</strong></span> <span class='ocrx_word' id='word_1_90' title='bbox 457 1649 490 1713; x_wconf 96' lang='lat' dir='ltr'><strong>in</strong></span> <span class='ocrx_word' id='word_1_91' title='bbox 514 1648 639 1714; x_wconf 90' lang='lat' dir='ltr'><strong>iudicio</strong></span> <span class='ocrx_word' id='word_1_92' title='bbox 662 1649 796 1734; x_wconf 90' lang='lat' dir='ltr'><strong>loquar:</strong></span> <span class='ocrx_word' id='word_1_93' title='bbox 832 1667 900 1714; x_wconf 96' lang='lat' dir='ltr'><strong>non</strong></span> <span class='ocrx_word' id='word_1_94' title='bbox 925 1667 1000 1715; x_wconf 91' lang='lat' dir='ltr'><strong>sum</strong></span> <span class='ocrx_word' id='word_1_95' title='bbox 1023 1651 1091 1715; x_wconf 92' lang='lat' dir='ltr'><strong>tam</strong></span> <span class='ocrx_word' id='word_1_96' title='bbox 1115 1649 1211 1734; x_wconf 92' lang='lat' dir='ltr'><strong>igna-</strong></span> 
     </span>
     <span class='ocr_line' id='line_1_13' title="bbox 178 1759 1211 1840; baseline 0.001 -14"><span class='ocrx_word' id='word_1_97' title='bbox 178 1778 243 1839; x_wconf 89' lang='lat' dir='ltr'><strong>rus,</strong></span> <span class='ocrx_word' id='word_1_98' title='bbox 268 1759 405 1838; x_wconf 90' lang='lat' dir='ltr'><strong>iudices,</strong></span> <span class='ocrx_word' id='word_1_99' title='bbox 430 1778 616 1838; x_wconf 89' lang='lat' dir='ltr'><strong>causarum,</strong></span> <span class='ocrx_word' id='word_1_100' title='bbox 641 1763 801 1828; x_wconf 92' lang='lat' dir='ltr'><strong>nontam</strong></span> <span class='ocrx_word' id='word_1_101' title='bbox 826 1761 976 1828; x_wconf 93' lang='lat' dir='ltr'><strong>insolens</strong></span> <span class='ocrx_word' id='word_1_102' title='bbox 1000 1762 1033 1826; x_wconf 96' lang='lat' dir='ltr'><strong>in</strong></span> <span class='ocrx_word' id='word_1_103' title='bbox 1054 1760 1211 1840; x_wconf 83' lang='lat' dir='ltr'><strong>dieend⁰‚</strong></span> 
     </span>
     <span class='ocr_line' id='line_1_14' title="bbox 175 1872 1212 1958; baseline 0.002 -22"><span class='ocrx_word' id='word_1_104' title='bbox 175 1873 211 1936; x_wconf 90' lang='lat' dir='ltr'><strong>ut</strong></span> <span class='ocrx_word' id='word_1_105' title='bbox 240 1872 333 1937; x_wconf 97' lang='lat' dir='ltr'><strong>omni</strong></span> <span class='ocrx_word' id='word_1_106' title='bbox 361 1890 547 1956; x_wconf 86' lang='lat' dir='ltr'><strong>exgenere</strong></span> <span class='ocrx_word' id='word_1_107' title='bbox 572 1873 758 1939; x_wconf 90' lang='lat' dir='ltr'><strong>orationem</strong></span> <span class='ocrx_word' id='word_1_108' title='bbox 782 1891 929 1958; x_wconf 90' lang='lat' dir='ltr'><strong>aucuper</strong></span> <span class='ocrx_word' id='word_1_109' title='bbox 951 1875 984 1939; x_wconf 88' lang='lat' dir='ltr'><strong>et</strong></span> <span class='ocrx_word' id='word_1_110' title='bbox 1006 1891 1126 1939; x_wconf 89' lang='lat' dir='ltr'><strong>omnes</strong></span> <span class='ocrx_word' id='word_1_111' title='bbox 1150 1891 1212 1938; x_wconf 91' lang='lat' dir='ltr'><strong>un-</strong></span> 
     </span>
     <span class='ocr_line' id='line_1_15' title="bbox 174 1982 1212 2070; baseline 0.003 -23"><span class='ocrx_word' id='word_1_112' title='bbox 174 1982 276 2067; x_wconf 90' lang='lat' dir='ltr'><strong>dique</strong></span> <span class='ocrx_word' id='word_1_113' title='bbox 309 1983 470 2050; x_wconf 81' lang='lat' dir='ltr'><strong>flosculos</strong></span> <span class='ocrx_word' id='word_1_114' title='bbox 505 2003 638 2069; x_wconf 91' lang='lat' dir='ltr'><strong>carpam</strong></span> <span class='ocrx_word' id='word_1_115' title='bbox 674 1988 775 2070; x_wconf 91' lang='lat' dir='ltr'><strong>atque</strong></span> <span class='ocrx_word' id='word_1_116' title='bbox 809 1985 973 2063; x_wconf 88' lang='lat' dir='ltr'><strong>delibem;</strong></span> <span class='ocrx_word' id='word_1_117' title='bbox 1008 1984 1093 2062; x_wconf 93' lang='lat' dir='ltr'><strong>sci0,</strong></span> <span class='ocrx_word' id='word_1_118' title='bbox 1128 1984 1212 2068; x_wconf 90' lang='lat' dir='ltr'><strong>quid</strong></span> 
     </span>
     <span class='ocr_line' id='line_1_16' title="bbox 175 2096 1212 2182; baseline 0.003 -22"><span class='ocrx_word' id='word_1_119' title='bbox 175 2096 320 2180; x_wconf 89' lang='lat' dir='ltr'><strong>gravitas</strong></span> <span class='ocrx_word' id='word_1_120' title='bbox 343 2098 462 2175; x_wconf 88' lang='lat' dir='ltr'><strong>vestra,</strong></span> <span class='ocrx_word' id='word_1_121' title='bbox 487 2097 567 2182; x_wconf 90' lang='lat' dir='ltr'><strong>quid</strong></span> <span class='ocrx_word' id='word_1_122' title='bbox 585 2098 668 2164; x_wconf 90' lang='lat' dir='ltr'><strong>haec</strong></span> <span class='ocrx_word' id='word_1_123' title='bbox 684 2098 871 2176; x_wconf 85' lang='lat' dir='ltr'><strong>advocati0,</strong></span> <span class='ocrx_word' id='word_1_124' title='bbox 896 2097 977 2182; x_wconf 91' lang='lat' dir='ltr'><strong>quid</strong></span> <span class='ocrx_word' id='word_1_125' title='bbox 994 2097 1049 2163; x_wconf 93' lang='lat' dir='ltr'><strong>ille</strong></span> <span class='ocrx_word' id='word_1_126' title='bbox 1065 2114 1212 2163; x_wconf 91' lang='lat' dir='ltr'><strong>conven-</strong></span> 
     </span>
     <span class='ocr_line' id='line_1_17' title="bbox 181 2207 1212 2295; baseline 0.004 -23"><span class='ocrx_word' id='word_1_127' title='bbox 181 2210 245 2286; x_wconf 89' lang='lat' dir='ltr'><strong>tus,</strong></span> <span class='ocrx_word' id='word_1_128' title='bbox 274 2207 356 2293; x_wconf 91' lang='lat' dir='ltr'><strong>quid</strong></span> <span class='ocrx_word' id='word_1_129' title='bbox 380 2208 527 2293; x_wconf 84' lang='lat' dir='ltr'><strong>dignitas</strong></span> <span class='ocrx_word' id='word_1_130' title='bbox 550 2210 585 2275; x_wconf 90' lang='grc' dir='ltr'><strong>Ρ.</strong></span> <span class='ocrx_word' id='word_1_131' title='bbox 610 2209 707 2290; x_wconf 89' lang='lat' dir='ltr'><strong>Sesti,</strong></span> <span class='ocrx_word' id='word_1_132' title='bbox 733 2209 815 2295; x_wconf 91' lang='lat' dir='ltr'><strong>quid</strong></span> <span class='ocrx_word' id='word_1_133' title='bbox 839 2210 975 2295; x_wconf 88' lang='lat' dir='ltr'><strong>periculi</strong></span> <span class='ocrx_word' id='word_1_134' title='bbox 1000 2209 1212 2294; x_wconf 85' lang='lat' dir='ltr'><strong>magnitudo,</strong></span> 
     </span>
     <span class='ocr_line' id='line_1_18' title="bbox 178 2319 1212 2407; baseline 0.003 -23"><span class='ocrx_word' id='word_1_135' title='bbox 178 2319 259 2404; x_wconf 93' lang='lat' dir='ltr'><strong>quid</strong></span> <span class='ocrx_word' id='word_1_136' title='bbox 294 2322 396 2401; x_wconf 91' lang='lat' dir='ltr'><strong>aetas,</strong></span> <span class='ocrx_word' id='word_1_137' title='bbox 431 2321 513 2406; x_wconf 91' lang='lat' dir='ltr'><strong>quid</strong></span> <span class='ocrx_word' id='word_1_138' title='bbox 548 2322 658 2388; x_wconf 93' lang='lat' dir='ltr'><strong>honos</strong></span> <span class='ocrx_word' id='word_1_139' title='bbox 693 2341 789 2388; x_wconf 91' lang='lat' dir='ltr'><strong>meus</strong></span> <span class='ocrx_word' id='word_1_140' title='bbox 824 2323 981 2407; x_wconf 89' lang='lat' dir='ltr'><strong>postulet.</strong></span> <span class='ocrx_word' id='word_1_141' title='bbox 1034 2321 1101 2389; x_wconf 93' lang='lat' dir='ltr'><strong>Sed</strong></span> <span class='ocrx_word' id='word_1_142' title='bbox 1129 2322 1212 2388; x_wconf 88' lang='lat' dir='ltr'><strong>milri</strong></span> 
     </span>
     <span class='ocr_line' id='line_1_19' title="bbox 179 2434 1211 2520; baseline 0 -21"><span class='ocrx_word' id='word_1_143' title='bbox 179 2435 309 2518; x_wconf 92' lang='lat' dir='ltr'><strong>sumpsi</strong></span> <span class='ocrx_word' id='word_1_144' title='bbox 344 2434 506 2501; x_wconf 87' lang='lat' dir='ltr'><strong>hocloco</strong></span> <span class='ocrx_word' id='word_1_145' title='bbox 536 2434 719 2500; x_wconf 89' lang='lat' dir='ltr'><strong>doctrinam</strong></span> <span class='ocrx_word' id='word_1_146' title='bbox 749 2434 920 2520; x_wconf 90' lang='lat' dir='ltr'><strong>quandam</strong></span> <span class='ocrx_word' id='word_1_147' title='bbox 949 2434 1124 2513; x_wconf 90' lang='lat' dir='ltr'><strong>iuventuti,</strong></span> <span class='ocrx_word' id='word_1_148' title='bbox 1153 2435 1211 2519; x_wconf 93' lang='lat' dir='ltr'><strong>qui</strong></span> 
     </span>
     <span class='ocr_line' id='line_1_20' title="bbox 178 2544 1212 2631; baseline -0.001 -20"><span class='ocrx_word' id='word_1_149' title='bbox 178 2547 291 2611; x_wconf 87' lang='lat' dir='ltr'><strong>essent</strong></span> <span class='ocrx_word' id='word_1_150' title='bbox 319 2547 513 2631; x_wconf 88' lang='lat' dir='ltr'><strong>optimates:</strong></span> <span class='ocrx_word' id='word_1_151' title='bbox 549 2547 583 2610; x_wconf 94' lang='lat' dir='ltr'><strong>in</strong></span> <span class='ocrx_word' id='word_1_152' title='bbox 615 2565 654 2611; x_wconf 92' lang='lat' dir='ltr'><strong>ea</strong></span> <span class='ocrx_word' id='word_1_153' title='bbox 683 2546 881 2631; x_wconf 86' lang='lat' dir='ltr'><strong>explicanda</strong></span> <span class='ocrx_word' id='word_1_154' title='bbox 910 2544 1212 2612; x_wconf 89' lang='lat' dir='ltr'><strong>demonstrandum</strong></span> 
     </span>
     <span class='ocr_line' id='line_1_21' title="bbox 174 2658 1212 2743; baseline -0.002 -19"><span class='ocrx_word' id='word_1_155' title='bbox 174 2659 225 2724; x_wconf 90' lang='lat' dir='ltr'><strong>est</strong></span> <span class='ocrx_word' id='word_1_156' title='bbox 247 2676 315 2724; x_wconf 94' lang='lat' dir='ltr'><strong>non</strong></span> <span class='ocrx_word' id='word_1_157' title='bbox 340 2676 414 2723; x_wconf 91' lang='lat' dir='ltr'><strong>esse</strong></span> <span class='ocrx_word' id='word_1_158' title='bbox 438 2658 619 2743; x_wconf 87' lang='lat' dir='ltr'><strong>populares</strong></span> <span class='ocrx_word' id='word_1_159' title='bbox 644 2677 763 2725; x_wconf 90' lang='lat' dir='ltr'><strong>omnes</strong></span> <span class='ocrx_word' id='word_1_160' title='bbox 787 2677 857 2738; x_wconf 91' lang='lat' dir='ltr'><strong>eos,</strong></span> <span class='ocrx_word' id='word_1_161' title='bbox 888 2660 946 2743; x_wconf 90' lang='lat' dir='ltr'><strong>qui</strong></span> <span class='ocrx_word' id='word_1_162' title='bbox 970 2660 1142 2743; x_wconf 83' lang='lat' dir='ltr'><strong>putentur3</strong></span> <span class='ocrx_word' id='word_1_163' title='bbox 1177 2658 1212 2723; x_wconf 95' lang='lat' dir='ltr'><strong>id</strong></span> 
     </span>
     <span class='ocr_line' id='line_1_22' title="bbox 177 2769 1212 2856; baseline 0 -22"><span class='ocrx_word' id='word_1_164' title='bbox 177 2769 333 2835; x_wconf 81' lang='lat' dir='ltr'><strong>facillime</strong></span> <span class='ocrx_word' id='word_1_165' title='bbox 353 2787 550 2855; x_wconf 88' lang='lat' dir='ltr'><strong>consequar,</strong></span> <span class='ocrx_word' id='word_1_166' title='bbox 576 2771 603 2834; x_wconf 94' lang='lat' dir='ltr'><strong>si</strong></span> <span class='ocrx_word' id='word_1_167' title='bbox 620 2771 766 2836; x_wconf 91' lang='lat' dir='ltr'><strong>universi</strong></span> <span class='ocrx_word' id='word_1_168' title='bbox 783 2770 901 2856; x_wconf 91' lang='lat' dir='ltr'><strong>populi</strong></span> <span class='ocrx_word' id='word_1_169' title='bbox 917 2769 1078 2836; x_wconf 91' lang='lat' dir='ltr'><strong>iudicium</strong></span> <span class='ocrx_word' id='word_1_170' title='bbox 1094 2787 1212 2835; x_wconf 91' lang='lat' dir='ltr'><strong>verum</strong></span> 
     </span>
     <span class='ocr_line' id='line_1_23' title="bbox 181 2881 1213 2967; baseline 0.001 -20"><span class='ocrx_word' id='word_1_171' title='bbox 181 2884 214 2947; x_wconf 94' lang='lat' dir='ltr'><strong>et</strong></span> <span class='ocrx_word' id='word_1_172' title='bbox 243 2882 471 2967; x_wconf 92' lang='lat' dir='ltr'><strong>incorruptum</strong></span> <span class='ocrx_word' id='word_1_173' title='bbox 500 2883 583 2948; x_wconf 93' lang='lat' dir='ltr'><strong>etsi</strong></span> <span class='ocrx_word' id='word_1_174' title='bbox 607 2883 745 2948; x_wconf 94' lang='lat' dir='ltr'><strong>intimos</strong></span> <span class='ocrx_word' id='word_1_175' title='bbox 769 2900 889 2949; x_wconf 91' lang='lat' dir='ltr'><strong>sensus</strong></span> <span class='ocrx_word' id='word_1_176' title='bbox 913 2881 1054 2948; x_wconf 92' lang='lat' dir='ltr'><strong>civitatis</strong></span> <span class='ocrx_word' id='word_1_177' title='bbox 1077 2899 1213 2966; x_wconf 89' lang='lat' dir='ltr'><strong>expres-</strong></span> 
     </span>
    </p>

    <p class='ocr_par' dir='ltr' id='par_1_4' title="bbox 112 2979 1214 4084">
     <span class='ocr_line' id='line_1_24' title="bbox 112 2979 1213 3080; baseline 0.005 -24"><span class='ocrx_word' id='word_1_178' title='bbox 112 3001 160 3055; x_wconf 83' lang='lat'><strong>120</strong></span> <span class='ocrx_word' id='word_1_179' title='bbox 179 3011 264 3059; x_wconf 91' lang='lat' dir='ltr'><strong>sero.</strong></span> <span class='ocrx_word' id='word_1_180' title='bbox 286 3032 330 3040; x_wconf 91' lang='lat'><strong>—</strong></span> <span class='ocrx_word' id='word_1_181' title='bbox 353 2993 445 3074; x_wconf 91' lang='lat' dir='ltr'><strong>Quid</strong></span> <span class='ocrx_word' id='word_1_182' title='bbox 472 2995 535 3060; x_wconf 88' lang='lat' dir='ltr'><strong>luit</strong></span> <span class='ocrx_word' id='word_1_183' title='bbox 561 2994 654 3074; x_wconf 92' lang='lat' dir='ltr'><strong>illud,</strong></span> <span class='ocrx_word' id='word_1_184' title='bbox 683 2994 776 3080; x_wconf 91' lang='lat' dir='ltr'><strong>quod</strong></span> <span class='ocrx_word' id='word_1_185' title='bbox 799 2994 921 3062; x_wconf 90' lang='lat' dir='ltr'><strong>recenti</strong></span> <span class='ocrx_word' id='word_1_186' title='bbox 946 2993 1064 3059; x_wconf 91' lang='lat' dir='ltr'><strong>nuntio</strong></span> <span class='ocrx_word' id='word_1_187' title='bbox 1088 2979 1131 3059; x_wconf 89' lang='lat' dir='ltr'><strong>de</strong></span> <span class='ocrx_word' id='word_1_188' title='bbox 1154 2992 1213 3061; x_wconf 92' lang='lat' dir='ltr'><strong>illo</strong></span> 
     </span>
     <span class='ocr_line' id='line_1_25' title="bbox 176 3104 1213 3192; baseline 0 -22"><span class='ocrx_word' id='word_1_189' title='bbox 176 3107 313 3171; x_wconf 89' lang='lat' dir='ltr'><strong>senatus</strong></span> <span class='ocrx_word' id='word_1_190' title='bbox 336 3106 501 3186; x_wconf 91' lang='lat' dir='ltr'><strong>consulto,</strong></span> <span class='ocrx_word' id='word_1_191' title='bbox 526 3106 619 3192; x_wconf 91' lang='lat' dir='ltr'><strong>quod</strong></span> <span class='ocrx_word' id='word_1_192' title='bbox 642 3107 765 3172; x_wconf 88' lang='lat' dir='ltr'><strong>lactum</strong></span> <span class='ocrx_word' id='word_1_193' title='bbox 790 3107 896 3173; x_wconf 90' lang='lat' dir='ltr'><strong>estin</strong></span> <span class='ocrx_word' id='word_1_194' title='bbox 920 3105 1048 3190; x_wconf 91' lang='lat' dir='ltr'><strong>templo</strong></span> <span class='ocrx_word' id='word_1_195' title='bbox 1063 3104 1213 3184; x_wconf 90' lang='lat' dir='ltr'><strong>Virtutis,</strong></span> 
     </span>
     <span class='ocr_line' id='line_1_26' title="bbox 174 3216 1213 3304; baseline 0.001 -22"><span class='ocrx_word' id='word_1_196' title='bbox 174 3216 216 3283; x_wconf 89' lang='lat' dir='ltr'><strong>ad</strong></span> <span class='ocrx_word' id='word_1_197' title='bbox 229 3217 329 3283; x_wconf 91' lang='lat' dir='ltr'><strong>ludos</strong></span> <span class='ocrx_word' id='word_1_198' title='bbox 342 3236 568 3304; x_wconf 90' lang='lat' dir='ltr'><strong>scaenamque</strong></span> <span class='ocrx_word' id='word_1_199' title='bbox 580 3219 708 3304; x_wconf 89' lang='lat' dir='ltr'><strong>perlato</strong></span> <span class='ocrx_word' id='word_1_200' title='bbox 721 3236 884 3284; x_wconf 91' lang='lat' dir='ltr'><strong>consessu</strong></span> <span class='ocrx_word' id='word_1_201' title='bbox 897 3218 1045 3283; x_wconf 88' lang='lat' dir='ltr'><strong>maximo</strong></span> <span class='ocrx_word' id='word_1_202' title='bbox 1057 3235 1213 3283; x_wconf 90' lang='lat' dir='ltr'><strong>summus</strong></span> 
     </span>
     <span class='ocr_line' id='line_1_27' title="bbox 178 3327 1212 3416; baseline 0 -22"><span class='ocrx_word' id='word_1_203' title='bbox 178 3329 293 3396; x_wconf 89' lang='lat' dir='ltr'><strong>artilex</strong></span> <span class='ocrx_word' id='word_1_204' title='bbox 315 3333 348 3396; x_wconf 94' lang='lat' dir='ltr'><strong>et</strong></span> <span class='ocrx_word' id='word_1_205' title='bbox 370 3331 560 3398; x_wconf 84' lang='lat' dir='ltr'><strong>mehercule</strong></span> <span class='ocrx_word' id='word_1_206' title='bbox 583 3350 717 3416; x_wconf 92' lang='lat' dir='ltr'><strong>semper</strong></span> <span class='ocrx_word' id='word_1_207' title='bbox 732 3331 875 3416; x_wconf 92' lang='lat' dir='ltr'><strong>partium</strong></span> <span class='ocrx_word' id='word_1_208' title='bbox 892 3330 926 3394; x_wconf 96' lang='lat' dir='ltr'><strong>in</strong></span> <span class='ocrx_word' id='word_1_209' title='bbox 942 3347 976 3396; x_wconf 91' lang='lat' dir='ltr'><strong>re</strong></span> <span class='ocrx_word' id='word_1_210' title='bbox 992 3327 1127 3414; x_wconf 92' lang='lat' dir='ltr'><strong>publica</strong></span> <span class='ocrx_word' id='word_1_211' title='bbox 1143 3331 1212 3395; x_wconf 90' lang='lat' dir='ltr'><strong>tam</strong></span> 
     </span>
     <span class='ocr_line' id='line_1_28' title="bbox 178 3442 1214 3528; baseline 0.002 -22"><span class='ocrx_word' id='word_1_212' title='bbox 178 3459 280 3525; x_wconf 88' lang='lat' dir='ltr'><strong>quarn</strong></span> <span class='ocrx_word' id='word_1_213' title='bbox 304 3442 337 3507; x_wconf 94' lang='lat' dir='ltr'><strong>in</strong></span> <span class='ocrx_word' id='word_1_214' title='bbox 361 3460 482 3508; x_wconf 90' lang='lat' dir='ltr'><strong>scaena</strong></span> <span class='ocrx_word' id='word_1_215' title='bbox 506 3444 708 3528; x_wconf 91' lang='lat' dir='ltr'><strong>optimarum</strong></span> <span class='ocrx_word' id='word_1_216' title='bbox 732 3443 817 3508; x_wconf 90' lang='lat' dir='ltr'><strong>llens</strong></span> <span class='ocrx_word' id='word_1_217' title='bbox 841 3444 874 3508; x_wconf 94' lang='lat' dir='ltr'><strong>et</strong></span> <span class='ocrx_word' id='word_1_218' title='bbox 896 3443 1018 3508; x_wconf 88' lang='lat' dir='ltr'><strong>recenti</strong></span> <span class='ocrx_word' id='word_1_219' title='bbox 1039 3442 1164 3509; x_wconf 90' lang='lat' dir='ltr'><strong>laetitia</strong></span> <span class='ocrx_word' id='word_1_220' title='bbox 1180 3445 1214 3508; x_wconf 89' lang='lat' dir='ltr'><strong>et</strong></span> 
     </span>
     <span class='ocr_line' id='line_1_29' title="bbox 178 3553 1213 3640; baseline 0.001 -22"><span class='ocrx_word' id='word_1_221' title='bbox 178 3554 282 3619; x_wconf 86' lang='lat' dir='ltr'><strong>mixto</strong></span> <span class='ocrx_word' id='word_1_222' title='bbox 317 3554 433 3622; x_wconf 88' lang='lat' dir='ltr'><strong>dolore</strong></span> <span class='ocrx_word' id='word_1_223' title='bbox 468 3573 505 3621; x_wconf 91' lang='lat' dir='ltr'><strong>ac</strong></span> <span class='ocrx_word' id='word_1_224' title='bbox 540 3554 707 3621; x_wconf 92' lang='lat' dir='ltr'><strong>desiderio</strong></span> <span class='ocrx_word' id='word_1_225' title='bbox 736 3556 801 3622; x_wconf 89' lang='lat' dir='ltr'><strong>mei</strong></span> <span class='ocrx_word' id='word_1_226' title='bbox 829 3556 899 3640; x_wconf 93' lang='lat' dir='ltr'><strong>egit</strong></span> <span class='ocrx_word' id='word_1_227' title='bbox 925 3554 1017 3640; x_wconf 92' lang='lat' dir='ltr'><strong>apud</strong></span> <span class='ocrx_word' id='word_1_228' title='bbox 1044 3553 1213 3640; x_wconf 91' lang='lat' dir='ltr'><strong>populum</strong></span> 
     </span>
     <span class='ocr_line' id='line_1_30' title="bbox 175 3665 1213 3752; baseline 0 -21"><span class='ocrx_word' id='word_1_229' title='bbox 175 3665 365 3739; x_wconf 83' lang='lat' dir='ltr'><strong>Romanum</strong></span> <span class='ocrx_word' id='word_1_230' title='bbox 400 3667 506 3733; x_wconf 90' lang='lat' dir='ltr'><strong>multo</strong></span> <span class='ocrx_word' id='word_1_231' title='bbox 540 3667 750 3752; x_wconf 90' lang='lat' dir='ltr'><strong>gravioribus</strong></span> <span class='ocrx_word' id='word_1_232' title='bbox 783 3668 894 3734; x_wconf 90' lang='lat' dir='ltr'><strong>verbis</strong></span> <span class='ocrx_word' id='word_1_233' title='bbox 924 3685 1035 3734; x_wconf 90' lang='lat' dir='ltr'><strong>meam</strong></span> <span class='ocrx_word' id='word_1_234' title='bbox 1063 3683 1213 3744; x_wconf 90' lang='lat' dir='ltr'><strong>causam,</strong></span> 
     </span>
     <span class='ocr_line' id='line_1_31' title="bbox 178 3776 1212 3865; baseline -0.002 -22"><span class='ocrx_word' id='word_1_235' title='bbox 178 3796 280 3863; x_wconf 90' lang='lat' dir='ltr'><strong>quam</strong></span> <span class='ocrx_word' id='word_1_236' title='bbox 304 3781 441 3862; x_wconf 87' lang='lat' dir='ltr'><strong>egomet</strong></span> <span class='ocrx_word' id='word_1_237' title='bbox 464 3778 505 3846; x_wconf 90' lang='lat' dir='ltr'><strong>de</strong></span> <span class='ocrx_word' id='word_1_238' title='bbox 530 3797 583 3846; x_wconf 92' lang='lat' dir='ltr'><strong>me</strong></span> <span class='ocrx_word' id='word_1_239' title='bbox 607 3797 706 3864; x_wconf 87' lang='lat' dir='ltr'><strong>agere</strong></span> <span class='ocrx_word' id='word_1_240' title='bbox 727 3780 938 3865; x_wconf 81' lang='lat' dir='ltr'><strong>potuissem?</strong></span> <span class='ocrx_word' id='word_1_241' title='bbox 974 3777 1104 3846; x_wconf 89' lang='lat' dir='ltr'><strong>Summi</strong></span> <span class='ocrx_word' id='word_1_242' title='bbox 1121 3776 1212 3843; x_wconf 93' lang='lat' dir='ltr'><strong>enim</strong></span> 
     </span>
     <span class='ocr_line' id='line_1_32' title="bbox 178 3887 1213 3974; baseline 0 -20"><span class='ocrx_word' id='word_1_243' title='bbox 178 3892 299 3974; x_wconf 67' lang='lat' dir='ltr'><strong>poetae</strong></span> <span class='ocrx_word' id='word_1_244' title='bbox 315 3889 489 3974; x_wconf 88' lang='lat' dir='ltr'><strong>ingenium</strong></span> <span class='ocrx_word' id='word_1_245' title='bbox 507 3909 575 3956; x_wconf 94' lang='lat' dir='ltr'><strong>non</strong></span> <span class='ocrx_word' id='word_1_246' title='bbox 592 3891 702 3958; x_wconf 90' lang='lat' dir='ltr'><strong>solum</strong></span> <span class='ocrx_word' id='word_1_247' title='bbox 720 3894 787 3958; x_wconf 85' lang='lat' dir='ltr'><strong>arte</strong></span> <span class='ocrx_word' id='word_1_248' title='bbox 804 3909 875 3974; x_wconf 91' lang='lat' dir='ltr'><strong>sua,</strong></span> <span class='ocrx_word' id='word_1_249' title='bbox 900 3889 960 3958; x_wconf 91' lang='lat' dir='ltr'><strong>sed</strong></span> <span class='ocrx_word' id='word_1_250' title='bbox 977 3891 1077 3956; x_wconf 88' lang='lat' dir='ltr'><strong>etiam</strong></span> <span class='ocrx_word' id='word_1_251' title='bbox 1094 3887 1213 3955; x_wconf 93' lang='lat' dir='ltr'><strong>dolore</strong></span> 
     </span>
     <span class='ocr_line' id='line_1_33' title="bbox 173 4001 701 4084; baseline 0.006 -19"><span class='ocrx_word' id='word_1_252' title='bbox 173 4001 392 4084; x_wconf 72' lang='lat' dir='ltr'><strong>exprimebat.</strong></span> <span class='ocrx_word' id='word_1_253' title='bbox 440 4002 517 4084; x_wconf 91' lang='lat' dir='ltr'><strong>Qua</strong></span> <span class='ocrx_word' id='word_1_254' title='bbox 541 4004 630 4070; x_wconf 91' lang='lat' dir='ltr'><strong>enim</strong></span> <span class='ocrx_word' id='word_1_255' title='bbox 653 4005 701 4070; x_wconf 92' lang='lat' dir='ltr'><strong>vi:</strong></span> 
     </span>
    </p>
   </div>
   <div class='ocr_carea' id='block_1_3' title="bbox 0 0 1329 4446">
    <p class='ocr_par' dir='ltr' id='par_1_5' title="bbox 0 0 1329 4446">
     <span class='ocr_line' id='line_1_34' title="bbox 0 0 1329 4446; baseline 0 0"><span class='ocrx_word' id='word_1_256' title='bbox 0 0 1329 4446; x_wconf 95' lang='lat' dir='ltr'><strong> </strong></span> 
     </span>
    </p>
   </div>
  </div>
 </body>
</html>
