2648 4446
193 292 232 358 18
423 289 493 350 pao
511 289 539 344 P.
559 289 678 345 sesno
698 288 831 349 omno
850 289 868 357 q
887 288 997 343 ao-aa.

136 489 172 544 36
276 480 453 566 Exponam
484 480 574 547 enim
598 480 762 547 hodierno
786 480 851 558 die,
875 479 1014 559 iudices
1038 501 1156 544 omnam
1182 503 1241 544 ru·

190 596 301 659 tlonom
335 596 417 658 faeti
446 602 480 658 et
512 595 634 658 consilii
659 595 722 656 mei
748 610 858 678 neque
886 592 963 658 huic
991 594 1104 658 vestro
1134 594 1235 659 tanto

189 707 302 773 studio
341 705 502 772 audiendi
541 724 602 772 nec
635 723 715 772 vero
750 706 828 771 huic
862 707 973 771 tantae
1009 704 1237 784 multitudini,

189 822 315 904 quanta
342 836 417 884 mea
446 818 608 884 memoria
636 836 822 902 numquam
856 817 926 883 ullo
949 816 982 882 in
1007 816 1132 884 iudicio
1155 816 1236 897 tuit,

189 930 300 997 deero.
346 930 433 997 Nam
462 932 490 997 si
518 949 584 1014 ego
608 930 641 995 in
664 947 766 996 causa
789 932 857 995 tam
881 929 972 995 bona
994 931 1089 996 tanto
1113 929 1235 997 studio

189 1046 336 1123 senatus,
364 1061 533 1109 consensu
561 1046 629 1109 tam
658 1041 844 1108 incredibili
869 1041 1037 1108 bonorum
1060 1041 1235 1121 omnium,

188 1159 255 1222 tam
290 1158 406 1241 parato
440 1155 586 1240 equestri
621 1154 748 1233 ordine,
780 1157 849 1220 tota
879 1154 1027 1239 denique
1062 1153 1155 1220 ltalia
1186 1156 1232 1221 ad

188 1286 325 1335 omnem
354 1268 603 1334 contentionem
632 1267 787 1352 expedita
820 1267 906 1333 cessi
936 1265 1058 1332 tribuni
1082 1266 1139 1351 pl,
1170 1266 1234 1334 de-

188 1379 402 1466 spicatissimi
429 1379 587 1459 hominis,
610 1379 722 1458 furori,
746 1379 1112 1464 contemptissimorum
1145 1397 1234 1446 con=

187 1494 299 1560 sulum
327 1493 495 1559 levitatem
524 1491 770 1575 audaciamque
798 1491 964 1575 pertimui,
999 1491 1142 1556 nimium
1172 1510 1235 1558 me

187 1607 367 1686 timidum,
397 1605 521 1672 nullius
549 1605 662 1682 animi,
697 1603 822 1670 nullius
852 1603 982 1670 consilii
1010 1603 1115 1670 luisse
1144 1622 1232 1671 con-

134 1725 169 1781 37
188 1719 295 1785 iiteor.
311 1756 354 1765 —
370 1717 462 1799 Quid
487 1717 576 1782 enim
601 1716 709 1782 simile
729 1716 792 1781 luit
806 1717 840 1780 in
859 1714 897 1796 Q.
914 1714 1111 1782 Metello?
1130 1717 1234 1784 cuius

187 1849 346 1896 causam
375 1830 437 1895 etsi
465 1846 584 1895 omnes
612 1828 694 1894 boni
725 1827 924 1912 probabant,
955 1830 1067 1894 tamen
1097 1846 1233 1914 neque

187 1945 325 2008 senatus
349 1942 482 2027 publice
507 1959 617 2027 neque
641 1941 729 2006 ullus
754 1940 838 2008 ordo
861 1941 995 2025 proprie
1019 1959 1130 2026 neque
1155 1942 1233 2007 suis

187 2054 327 2121 decretis
355 2054 445 2120 ltalia
479 2057 597 2120 cuncta
632 2055 875 2139 susceperat.
924 2052 977 2118 Ad
1008 2070 1104 2121 suam
1133 2053 1229 2119 enim

187 2166 358 2251 quandam
394 2166 503 2250 magis
537 2166 592 2232 ille
626 2166 767 2251 gloriam
804 2184 905 2251 quam
940 2165 983 2231 ad
1012 2164 1230 2249 perspicuam

187 2278 330 2345 salutem
377 2279 422 2344 rei
468 2278 623 2364 publicae
669 2280 890 2364 spectaverat,
936 2295 1012 2343 cum
1058 2295 1147 2343 unus
1192 2277 1231 2344 in

186 2391 297 2476 legem
327 2410 386 2477 per
411 2391 479 2457 vim
508 2391 609 2457 latam
632 2391 739 2456 iurare
763 2389 930 2468 noluerat;
959 2389 1107 2474 denique
1131 2387 1231 2456 vide-

186 2504 284 2570 batur
306 2523 345 2570 ea
368 2502 568 2570 condicione
591 2504 659 2568 tam
683 2502 777 2568 tortis
800 2502 914 2580 luisse,
938 2504 974 2567 ut
996 2520 1073 2569 cum
1098 2502 1232 2586 patriae

186 2617 321 2682 caritate
360 2615 567 2681 constantiae
604 2614 746 2698 gloriam
784 2616 1014 2680 commutaret.
1053 2652 1097 2661 -—
1133 2613 1229 2681 Erat

187 2731 299 2794 autem
328 2747 388 2794 res
416 2727 451 2795 ei
474 2744 550 2793 cum
575 2727 720 2792 exercitu
744 2726 781 2793 C.
805 2726 890 2792 Mari
915 2726 1048 2805 intuetu,
1077 2725 1233 2794 habebat.

187 2841 359 2908 inimicum
384 2840 421 2908 C.
445 2840 600 2919 Marium,
630 2843 901 2906 conservatorem
925 2840 1061 2924 patriae,
1091 2841 1227 2905 sextum

187 2954 253 3019 iam
288 2953 382 3019 illum
416 2953 629 3019 consulatum
664 2955 852 3036 gerentem;
887 2970 939 3018 res
975 2955 1044 3018 erat
1077 2970 1154 3019 cum
1189 2952 1231 3018 L.

187 3064 378 3144 Saturnino,
406 3066 524 3131 iterum
548 3064 683 3131 tribuno
706 3064 762 3150 pl,
786 3064 947 3148 vigilante
970 3064 1108 3130 homine
1134 3067 1168 3130 et
1190 3064 1226 3130 in

186 3196 287 3244 causa
316 3177 470 3262 populari
494 3178 522 3243 si
546 3196 615 3243 non
639 3177 821 3255 moderate,
852 3179 884 3241 at
907 3178 994 3242 certe
1018 3175 1232 3260 populariter

185 3290 459 3375 abstinenterque
474 3292 617 3355 versato.
648 3289 770 3368 Cessit,
791 3307 833 3354 ne
850 3291 907 3355 aut
922 3289 1030 3355 victus
1047 3307 1065 3354 a
1081 3287 1228 3354 iortibus

185 3401 264 3467 viris
287 3420 363 3468 cum
380 3401 546 3469 dedecore
561 3401 695 3467 caderet
710 3404 768 3467 aut
782 3401 888 3467 victor
904 3400 1018 3466 multis
1034 3403 1067 3466 et
1081 3399 1231 3466 fortibus
1295 3426 1299 3434 ·

185 3513 315 3579 civibus
338 3532 407 3580 rem
432 3513 601 3599 publicam
625 3512 768 3580 orbaret.

133 3631 168 3688 38
271 3625 405 3691 Meum
431 3643 597 3692 causum
631 3627 768 3692 senatus
798 3625 919 3710 palam,
955 3627 1111 3710 equester
1139 3623 1229 3691 ordo

185 3737 353 3817 acerrime,
377 3741 518 3804 cuncta
541 3737 655 3805 ltalia
679 3737 823 3823 publice,
848 3756 968 3804 omnes
991 3737 1072 3803 boni
1089 3737 1228 3822 proprie

185 3850 351 3935 enixeque
379 3852 652 3935 susceperant.
698 3849 764 3916 Eas
791 3869 843 3916 res
866 3867 1049 3936 gesseram,
1078 3866 1224 3934 quarum

185 3981 254 4029 non
278 3981 366 4028 unus
390 3966 514 4042 auctor,
538 3962 598 4029 sed
615 3963 683 4029 dux
699 3963 851 4029 omnium
867 3962 1050 4030 voluntatis
1066 3961 1228 4041 fuissem,
