2648 4446
183 345 226 411 38
412 342 482 402 PRO
500 342 528 397 P.
548 341 667 397 SESTIO
687 340 819 402 ORATIO
838 341 856 409 ᾗ
875 339 985 395 74-76.

185 533 325 600 omnino
360 531 512 598 ianuario
547 549 674 610 mense,
710 549 769 616 per
802 548 890 616 quos
922 533 1076 597 senatum
1104 530 1219 597 haberi

184 645 310 723 liceret;
332 642 393 709 sed
415 645 528 709 tamen
552 645 663 709 actum
687 642 770 708 nihil
793 643 857 709 nisi
882 642 924 709 de
947 661 1011 709 me.

132 764 165 820 75
271 755 357 823 Cum
381 757 474 823 omni
498 774 602 836 mora,
629 755 868 834 ludificatione,
891 754 1058 821 calumnia
1082 757 1220 822 senatus

185 869 365 936 auctoritas
395 868 621 955 impediretur,
655 869 747 935 venit
779 867 916 934 tandem
945 868 979 933 in
1006 867 1151 935 concilio
1179 867 1221 933 de

185 979 387 1066 me-agendi
410 980 493 1060 dies,
517 980 588 1047 Vlll
605 980 681 1053 Kal.
705 980 807 1046 Febr.
845 979 1004 1064 Princeps
1024 980 1221 1065 rogationis,

183 1094 233 1160 vir
248 1093 330 1159 mihi
347 1093 582 1172 amicissimus,
606 1091 649 1173 Q.
667 1092 849 1171 Fabricius,
866 1092 1030 1178 templum
1046 1092 1222 1178 aliquanto

184 1207 261 1271 ante
295 1204 404 1271 lucem
441 1205 627 1289 occupavit.
677 1203 822 1285 Quietus
857 1222 899 1271 eo
933 1204 988 1271 die
1017 1203 1159 1284 Sestius,
1193 1205 1221 1271 is

185 1317 243 1401 qui
267 1319 318 1383 est
341 1316 384 1383 de
406 1317 439 1383 vi
456 1335 547 1396 reus;
570 1320 662 1384 actor
677 1317 730 1384 hic
746 1317 971 1401 defensorque
987 1334 1110 1384 causae
1126 1336 1222 1384 meae

185 1428 267 1494 nihil
291 1429 511 1515 progreditur,
535 1429 676 1496 consilia
699 1431 870 1515 exspectat
893 1429 1104 1496 inimicorum
1129 1447 1221 1496 meo-

185 1560 268 1607 rum.
311 1541 426 1623 Quid?
449 1542 505 1622 illi,
530 1560 673 1627 quorum
698 1541 840 1608 consilio
863 1541 899 1607 P.
924 1541 1054 1608 Sestius
1077 1542 1111 1607 in
1136 1541 1222 1607 iudi·

185 1655 274 1720 cium
305 1656 455 1732 vocatur,
491 1672 560 1739 quo
592 1672 629 1720 se
662 1657 760 1739 pacto
789 1654 931 1739 gerunt?
981 1652 1067 1720 Cum
1101 1653 1222 1733 forum,

185 1766 369 1846 comitium,
398 1766 523 1833 curiam
551 1767 656 1832 multa
679 1765 722 1832 de
746 1769 843 1834 nocte
866 1767 1002 1833 armatis
1025 1765 1223 1832 hominibus

186 1897 224 1944 ac
258 1878 363 1945 servis
399 1879 568 1964 plerisque
602 1880 870 1964 occupavissent,
906 1880 1069 1966 impetum
1097 1879 1224 1945 faciunt

186 1990 219 2055 in
255 1988 460 2070 Fabricium,
495 2008 616 2056 manus
650 1990 806 2069 afferunt,
841 1989 998 2058 occidunt
1028 1989 1222 2070 nonnullos,

133 2109 168 2165 76
185 2101 362 2168 vulnerant
395 2102 529 2170 multos.
573 2103 773 2169 Venientem
804 2103 838 2168 in
865 2103 975 2170 forum
1002 2102 1110 2169 virum
1139 2103 1224 2188 opti-

186 2233 280 2280 mum
304 2217 337 2281 et
359 2216 679 2295 constantissimum,
707 2215 754 2281 Μ.
779 2215 944 2300 Cispium,
972 2215 1142 2281 tribunum
1167 2214 1223 2301 pl,

185 2329 219 2394 vi
247 2326 431 2412 depellunt,
465 2328 603 2394 caedem
631 2329 664 2393 in
691 2329 765 2396 foro
793 2328 974 2393 maximam
1001 2327 1127 2394 faciunt
1149 2329 1223 2394 uni-

185 2439 341 2523 versique
368 2439 531 2507 destrictis
554 2440 675 2525 gladiis
699 2444 731 2506 et
753 2440 898 2507 cruentis
922 2441 955 2505 in
979 2439 1139 2507 omnibus
1161 2440 1224 2506 fori

186 2550 336 2636 partibus
362 2551 493 2618 fratrem
518 2570 641 2631 meum,
669 2553 776 2619 virum
800 2554 976 2639 optimum,
1004 2552 1224 2619 fortissimum

186 2681 309 2749 meque
332 2664 611 2743 amantissimum,
636 2665 742 2732 oculis
766 2665 982 2750 quaerebant,
1005 2683 1089 2731 voce
1105 2682 1224 2750 posce-

187 2775 277 2843 bant.
329 2777 483 2859 Quorum
519 2777 574 2843 ille
607 2777 682 2842 telis
716 2776 858 2843 libenter
884 2777 918 2843 in
946 2780 1040 2844 tanto
1067 2776 1159 2842 luctu
1187 2794 1226 2843 ac

188 2888 357 2958 desiderio
392 2891 458 2956 mei
487 2908 555 2956 non
584 2888 805 2975 repugnandi,
840 2889 901 2955 sed
929 2889 1094 2956 moriendi
1122 2906 1225 2956 causa

187 3021 309 3088 corpus
344 3002 523 3070 obtulisset
556 3021 666 3082 suum,
701 3002 766 3068 nisi
800 3020 897 3068 suam
924 3002 1026 3069 vitam
1055 3001 1098 3068 ad
1127 3019 1225 3086 spem

188 3115 255 3180 mei
292 3115 419 3181 reditus
457 3117 668 3181 reservasset.
729 3113 840 3180 Subiit
876 3115 988 3180 tamen
1025 3113 1094 3180 vim
1132 3112 1224 3179 illam

188 3226 348 3293 nefariam
372 3227 674 3294 consceleratorum
698 3226 876 3305 latronum,
900 3227 1031 3292 etcum
1055 3224 1099 3290 ad
1116 3223 1225 3291 fratris

188 3339 331 3406 salutem
371 3359 390 3405 a
428 3338 557 3424 populo
592 3338 746 3412 Romano
785 3337 1032 3423 deprecandam
1065 3337 1225 3417 venisset,

189 3452 308 3537 pulsus
336 3470 354 3518 e
382 3452 496 3519 rostris
526 3452 560 3516 in
583 3451 721 3518 comitio
744 3451 845 3517 iacuit
867 3468 972 3535 seque
996 3467 1169 3517 servorum
1194 3451 1226 3516 et

188 3565 382 3631 libertorum
421 3563 618 3649 corporibus
652 3563 779 3630 obtexit
811 3563 983 3648 vitamque
1016 3564 1088 3628 turn
1127 3579 1225 3628 suam

189 3678 297 3744 noctis
332 3679 365 3744 et
397 3678 499 3762 fugae
533 3676 712 3762 praesidio
748 3695 816 3742 non
847 3676 927 3741 iuris
955 3674 1226 3758 iudiciorumque

189 3789 348 3856 defendit.
385 3789 589 3857 Meministis
613 3791 694 3868 tum,
718 3788 856 3866 iudices,
881 3785 1078 3872 corporibus
1101 3785 1225 3852 civium

187 3901 335 3969 Tiberim
366 3902 541 3989 compleri,
575 3901 706 3969 cloacas
733 3899 888 3978 refarciri,
923 3917 942 3965 e
970 3898 1043 3966 foro
1070 3897 1227 3983 spongiis

181 4016 303 4100 effingi
323 4016 540 4102 sanguinem,
569 4017 606 4081 ut
629 4031 749 4081 omnes
770 4015 898 4080 tantam
921 4011 1011 4077 illam
1035 4010 1170 4094 copiam
1194 4010 1227 4076 et
