2648 4446
363 321 432 383 PRO
452 321 480 376 P.
500 320 619 376 SESTIO
640 319 941 389 ORAT10§56-58.
1127 321 1170 387 29

137 532 288 597 numque
322 513 608 579 sanctissimarum
642 514 744 596 atque
778 511 1086 595 antiquissimarum
1122 526 1170 575 re·

136 626 300 711 ligionum
324 625 499 692 venditum
524 625 665 709 pecunia
689 623 807 709 grandi
828 623 1014 708 Brogitaro,
1037 624 1170 707 impuro

134 738 263 805 homini
292 740 395 822 atque
422 736 564 821 indigno
595 736 651 802 illa
674 737 846 822 religione,
876 736 1069 820 praesertim
1094 753 1171 800 curn

134 869 208 917 eam
237 851 301 917 sibi
329 851 385 917 ille
414 869 482 917 non
511 849 654 929 colendi,
683 849 744 916 sed
770 848 920 915 violandi
943 866 1045 914 causa
1069 865 1172 931 appe·

133 964 243 1041 tisset;
272 963 431 1048 appellati
454 981 550 1048 reges
573 981 592 1028 a
617 961 756 1047 populo,
780 961 838 1046 qui
862 960 896 1026 id
920 978 1106 1044 numquam
1130 978 1173 1024 ne

135 1094 155 1141 a
181 1078 301 1141 senatu
326 1074 463 1160 quidem
488 1074 726 1160 postulassent,
755 1074 881 1140 reducti
905 1073 1020 1139 exules
1044 1072 1172 1158 Byzan·

136 1188 220 1253 tium
244 1187 458 1254 condemnati
482 1191 564 1266 tum,
588 1205 664 1253 cum
689 1186 874 1253 indemnati
897 1187 987 1252 cives
1008 1185 1174 1251 ecivitate

135 1300 348 1366 eiciebantur.
370 1339 415 1347 —
436 1298 512 1374 Rex
533 1299 762 1374 Ptolemaeus,
791 1299 848 1383 qui
877 1298 905 1365 si
930 1298 1082 1365 nondum
1106 1299 1175 1363 erat
1191 1303 1226 1360 57

140 1412 212 1497 ipse
236 1432 255 1479 a
280 1416 399 1480 senatu
424 1413 536 1479 socius
552 1411 752 1497 appellatus
777 1414 845 1478 erat
861 1414 973 1478 tamen
989 1411 1087 1489 trater
1102 1410 1174 1476 eius

137 1526 235 1610 regis
271 1527 329 1610 qui
363 1544 440 1592 cum
475 1528 565 1591 esset
599 1525 632 1590 in
668 1524 787 1590 eadem
819 1542 930 1603 causa,
965 1525 1031 1590 iam
1060 1525 1174 1589 erata

135 1640 255 1703 senatu
279 1638 442 1704 honorem
466 1638 568 1702 istum
592 1639 803 1715 consecutus,
827 1640 897 1703 erat
915 1636 1036 1702 eodem
1052 1652 1176 1720 genere

137 1749 336 1835 eisdemque
360 1749 554 1827 maioribus,
578 1749 697 1815 eadem
722 1751 888 1815 vetustate
911 1749 1090 1827 societatis,
1118 1747 1175 1813 de-

140 1861 243 1946 nique
278 1864 347 1927 erat
381 1879 437 1927 rex
470 1863 498 1926 si
533 1860 686 1928 nondum
721 1862 849 1940 socius,
883 1863 917 1927 at
950 1879 1018 1927 non
1054 1861 1175 1939 hostis;

139 1978 287 2060 pacatus,
312 1975 456 2058 quietus,
480 1974 583 2041 fretus
610 1975 752 2060 imperio
777 1974 895 2059 populi
910 1973 1053 2047 Romani
1070 1991 1176 2058 regno

139 2089 279 2170 paterno
307 2089 408 2170 atque
436 2087 526 2152 avito
553 2086 656 2171 regali
681 2087 751 2152 otio
776 2085 1018 2171 perimebatur:
1047 2084 1177 2151 dehoc

141 2197 222 2262 nihil
254 2199 438 2281 cogitante,
474 2197 555 2262 nihil
591 2199 783 2282 suspicante
813 2197 941 2262 eisdem
970 2196 1081 2281 operis
1110 2197 1177 2261 sul-

139 2309 282 2393 iragium
299 2309 482 2375 terentibus
499 2312 550 2376 est
564 2313 730 2395 rogatum,
747 2312 783 2375 ut
799 2309 922 2376 sedens
938 2327 1014 2375 curn
1031 2327 1176 2395 purpura

139 2423 172 2485 et
206 2423 338 2504 sceptro
367 2424 399 2486 et
427 2421 491 2486 illis
519 2421 711 2506 insignibus
734 2422 835 2506 regiis
859 2421 1016 2506 praeconi
1040 2420 1176 2505 publico

142 2532 346 2599 subiceretur
374 2537 407 2599 et
433 2536 618 2619 imperante
647 2534 776 2619 populo
799 2534 965 2613 Romano,
995 2534 1052 2618 qui
1077 2535 1176 2600 etiam

141 2645 230 2712 bello
246 2647 342 2712 victis
359 2647 497 2731 regibus
512 2666 615 2732 regna
628 2647 766 2713 reddere
779 2648 964 2725 consuevit,
981 2666 1037 2712 rex
1049 2648 1177 2712 amicus

141 2756 231 2823 nulla
256 2758 376 2824 iniuria
400 2760 673 2836 commemorata,
698 2758 798 2823 nullis
820 2758 920 2824 rebus
936 2759 1084 2843 repetitis
1100 2777 1176 2824 cum

141 2869 239 2935 bonis
274 2870 434 2936 omnibus
470 2870 702 2954 publicaretur.
759 2870 866 2936 Multa
901 2870 1034 2950 acerba,
1073 2871 1177 2938 multa
1195 2879 1230 2936 58

141 2982 262 3064 turpia,
287 2982 391 3048 multa
414 2982 605 3048 turbulenta
628 2982 746 3048 habuit
769 2982 823 3049 ille
847 3001 971 3061 annus;
994 2986 1107 3049 tamen
1131 2984 1177 3049 illi

142 3091 269 3170 sceleri,
304 3093 396 3177 quod
424 3095 458 3159 in
487 3112 541 3161 me
565 3094 698 3161 illorum
722 3096 914 3162 immanitas
938 3096 1052 3175 edidit,
1087 3096 1177 3162 haud

140 3205 211 3271 scio
236 3224 278 3270 an
300 3208 386 3271 recte
403 3206 466 3273 hoc
482 3209 671 3291 proximum
689 3227 765 3274 esse
781 3209 943 3274 dicamus.
973 3207 1177 3275 Antiochum

140 3318 306 3402 Nlagnum
331 3318 425 3383 illum
446 3321 590 3386 maiores
607 3322 711 3386 nostri
728 3339 852 3405 magna
868 3320 946 3386 belli
962 3321 1178 3387 contentione

139 3433 224 3497 terra
259 3432 411 3516 marique
446 3436 639 3517 superatum
669 3435 752 3499 intra
782 3436 931 3499 montem
955 3432 1101 3500 Taurum
1129 3452 1178 3500 re·

140 3561 243 3627 gnare
272 3545 450 3625 iusserunt,
473 3544 600 3625 Asiam,
624 3565 690 3630 qua
718 3545 813 3611 illum
842 3545 1032 3625 multarunt,
1055 3545 1177 3626 Attalo,

143 3658 180 3719 ut
196 3656 225 3721 is
242 3660 396 3742 regnaret
411 3659 445 3724 in
460 3676 509 3735 ea,
526 3658 813 3726 condonaverunt.
843 3658 929 3726 Cum
942 3657 1176 3726 Armeniorum

141 3785 221 3851 rege
243 3767 387 3854 Tigrane
416 3790 518 3855 grave
544 3770 670 3837 bellum
695 3790 802 3856 nuper
824 3772 888 3856 ipsi
913 3770 1178 3856 diuturnumque

140 3879 321 3964 gessimus,
345 3901 421 3948 cum
446 3882 501 3949 ille
521 3883 649 3951 iniuriis
666 3885 700 3949 in
716 3885 829 3950 socios
846 3886 980 3951 nostros
996 3884 1177 3951 inferendis

141 3990 231 4059 bello
275 4011 381 4079 prope
419 4012 482 4061 nos
521 3995 728 4077 lacessisset,
772 3997 828 4064 hic
863 3999 901 4063 et
932 3997 1014 4081 ipse
1047 4015 1112 4078 per
1145 4013 1192 4058 se
