2648 4446
175 314 217 381 62
386 313 456 375 PRO
475 314 503 369 P.
523 313 643 370 SESTIO
662 312 795 375 ORATIO
814 314 832 382 §
852 312 995 367 126-128.

176 522 218 570 ne
256 523 310 571 me
347 503 467 583 redire,
506 507 539 570 et
575 522 651 570 curn
686 506 755 570 erat
789 503 1004 570 reclamatum
1039 502 1212 569 semivivis

175 617 477 682 mercennariorum
501 616 652 698 vocibus,
680 616 846 701 populum
870 615 1060 689 Romanum
1085 632 1210 700 negare

175 727 321 794 dicebat:
349 729 388 808 is,
418 747 495 795 cum
523 728 646 796 cotidie
673 727 877 813 gladiatores
905 728 1077 812 spectaret,
1113 744 1212 792 nurn-

175 858 277 925 quam
298 843 349 906 est
364 843 576 925 conspectus,
600 858 677 906 curn
693 841 829 906 veniret.
868 838 1070 924 Emergebat
1086 839 1211 918 subito,

175 970 251 1018 curn
276 952 340 1018 sub
363 953 495 1018 tabulas
519 953 741 1038 subrepserat,
766 955 802 1018 ut

216 1115 342 1196 ‘maten
366 1119 398 1183 te
422 1110 569 1203 appello'

175 1289 322 1356 dicturus
355 1291 530 1357 videretur.
580 1291 694 1375 ltaque
729 1291 784 1356 illa
818 1291 872 1356 via
901 1290 1107 1368 latebrosior,
1143 1309 1212 1376 qua

175 1405 361 1486 spectatum
389 1403 444 1469 ille
472 1403 637 1482 veniebat,
671 1402 781 1488 Appia
809 1404 876 1469 iam
902 1401 1093 1469 vocabatur.
1140 1401 1211 1484 Qui

173 1517 285 1580 tamen
313 1533 454 1600 quoquo
481 1517 633 1600 tempore
662 1517 864 1600 conspectus
892 1516 971 1594 erat,
1006 1532 1074 1580 non
1102 1513 1208 1581 modo

173 1626 386 1710 gladiatores,
408 1627 467 1693 sed
484 1628 563 1712 equi
579 1627 644 1712 ipsi
660 1626 883 1711 gladiatorum
900 1626 1082 1712 repentinis
1098 1625 1207 1692 sibilis

173 1738 443 1805 extimescebant.
473 1738 647 1805 Videtisne
664 1740 772 1823 igitur,
797 1741 961 1825 quantum
978 1739 1106 1805 intersit
1121 1738 1208 1805 inter

173 1850 338 1935 populum
355 1850 545 1924 Romanum
562 1855 595 1917 et
610 1852 818 1917 contionem:
836 1851 995 1917 dominos
1011 1852 1209 1918 contionum

175 1963 267 2028 omni
291 1962 372 2029 odio
396 1963 514 2049 populi
538 1965 655 2043 notari,
686 1964 810 2048 quibus
834 1966 946 2031 autem
969 1963 1152 2030 consistere
1176 1964 1211 2029 in

175 2092 351 2159 operamm
386 2076 602 2142 contionibus
638 2095 706 2142 non
740 2077 846 2155 liceat,
881 2094 941 2142 eos
969 2076 1061 2142 omni
1089 2075 1209 2161 populi

173 2186 315 2260 Romani
339 2188 585 2273 significatione
610 2188 781 2254 decorari?

105 2305 154 2360 127
257 2298 308 2364 'lu
333 2301 414 2366 milri
433 2302 533 2366 etiarn
549 2300 596 2365 ll.
612 2299 750 2366 Atilium
767 2299 933 2384 Regulum
950 2317 1208 2379 commemoras,

172 2411 230 2496 qui
253 2411 359 2478 redire
383 2413 455 2496 ipse
473 2412 710 2497 Carthaginem
735 2430 796 2477 sua
819 2412 991 2478 voluntate
1015 2410 1057 2476 ad
1075 2410 1204 2496 suppli-

171 2523 259 2589 cium
295 2542 396 2609 quam
425 2525 498 2589 sine
526 2524 566 2589 iis
595 2524 745 2608 captivis,
780 2543 799 2589 a
829 2523 953 2608 quibus
982 2523 1024 2589 ad
1052 2525 1207 2589 senatum

172 2635 296 2701 missus
324 2639 402 2715 erat,
431 2635 558 2709 Romae
586 2655 720 2702 manere
744 2637 906 2715 maluerit,
941 2637 1077 2702 etmihi
1101 2654 1208 2721 negas

174 2750 360 2834 optandum
391 2749 534 2815 reditum
562 2750 666 2816 luisse
694 2768 752 2834 per
774 2750 917 2815 familias
941 2751 1151 2833 comparatas
1174 2751 1208 2815 et

173 2862 328 2928 homines
356 2864 524 2929 armatos?
561 2863 636 2928 Vim
665 2862 789 2928 scilicet
816 2881 881 2946 ego
910 2860 1107 2939 desideravi,
1136 2860 1206 2946 qui,

173 2973 254 3039 dum
282 2975 332 3039 vis
359 2974 429 3054 luit,
459 2975 539 3040 nihil
568 2974 633 3058 egi,
662 2976 694 3039 et
720 2992 833 3059 quern,
861 2974 888 3038 si
912 2973 963 3038 vis
987 2991 1055 3038 non
1078 2972 1208 3052 luisset,

105 3092 154 3147 128
173 3084 263 3149 nulla
292 3103 343 3150 res
371 3084 568 3152 labefactare
596 3086 775 3172 potuisset!
820 3085 918 3151 Hunc
946 3103 1012 3168 ego
1035 3083 1209 3150 reditum

172 3197 392 3281 repudiarem,
428 3199 485 3282 qui
514 3199 558 3263 ita
587 3198 711 3264 florens
738 3198 809 3276 luit,
845 3199 880 3262 ut
907 3216 1030 3276 verear,
1059 3215 1101 3264 ne
1129 3197 1207 3282 quis

171 3329 225 3376 me
249 3309 361 3377 studio
385 3309 511 3394 gloriae
536 3312 629 3394 putet
645 3310 767 3376 idcirco
784 3310 903 3389 exisse,
928 3312 964 3375 ut
979 3310 1023 3375 ita
1040 3309 1206 3377 redirem?

172 3403 283 3503 Quem
314 3423 402 3487 enirn
426 3440 589 3507 umquam
614 3424 777 3488 senatus
801 3423 908 3488 civem
933 3423 996 3488 nisi
1021 3440 1074 3488 me
1098 3422 1206 3488 natio-

172 3534 271 3599 nibus
306 3535 425 3601 exteris
459 3534 717 3613 commendavit,
753 3535 848 3601 cuius
881 3554 1042 3620 umquam
1072 3536 1210 3619 propter

172 3646 314 3712 salutem
326 3647 416 3732 ,inisi
455 3666 565 3713 meam
603 3649 740 3712 senatus
779 3648 913 3732 publice
951 3648 1051 3713 sociis
1086 3644 1206 3730 populi

172 3758 314 3832 Romani
342 3759 465 3842 gratias
493 3759 582 3843 egit?
627 3759 678 3825 De
707 3778 760 3825 me
790 3778 858 3825 uno
886 3761 996 3843 patres
1026 3757 1207 3841 conscripti

172 3870 401 3946 decreverunt,
419 3873 464 3949 ut,
481 3871 539 3956 qui
556 3872 744 3956 provincias
761 3890 836 3937 cum
854 3870 995 3954 imperio
1008 3870 1208 3948 obtinerent,

171 3985 228 4068 qui
264 3986 459 4068 quaestores
495 3983 664 4069 legatique
698 3985 824 4061 essent,
860 3983 1002 4048 salutem
1038 3985 1070 4048 et
1103 3983 1206 4048 vitam
