2648 4446
365 332 435 392 PRO
454 332 482 387 P.
503 332 622 388 SESTIO
642 326 776 391 ORATIO
793 333 812 400 ξ
830 333 940 386 41-44.
1129 333 1167 398 21

135 523 201 589 sibi
235 523 422 590 cavendum
458 525 598 608 putaret.
649 524 723 608 lpse
758 525 870 588 autern
902 521 1036 601 Caesar,
1071 539 1172 606 quem

137 637 281 702 maxime
315 637 472 702 homines
506 636 613 721 ignari
648 635 795 702 veritatis
832 634 913 699 milri
948 653 1023 701 esse
1054 634 1173 699 iratum

136 748 309 834 putabant,
339 750 408 814 erat
436 747 478 813 ad
506 750 630 833 portas,
659 750 727 813 erat
755 766 832 813 cum
862 747 1019 832 imperio;
1048 748 1117 812 erat
1139 746 1173 810 in

136 861 226 926 ltalia
255 862 328 926 eius
356 858 519 925 exercitus
547 859 650 944 inque
680 877 721 925 eo
750 858 893 924 exercitu
921 859 1029 943 ipsius
1052 857 1174 923 tribuni

136 974 192 1059 pl,
217 973 342 1039 inimici
367 973 443 1050 mei,
466 972 598 1038 fratre'm
623 972 834 1056 praefecerat.

225 1086 317 1152 Haec
344 1103 425 1170 ergo
452 1103 528 1150 cum
556 1084 705 1150 viderem
735 1082 860 1169 (neque
888 1084 977 1149 enim
1003 1085 1095 1149 erant
1118 1101 1172 1149 oc·
1190 1098 1225 1153 42

137 1198 250 1284 culta),
285 1200 449 1277 senatum,
484 1197 557 1263 sine
592 1215 661 1281 quo
692 1197 809 1262 civitas
837 1199 923 1262 stare
951 1213 1020 1262 non
1049 1198 1175 1280 posset,

138 1312 278 1378 omnino
302 1310 492 1376 decivitate
509 1327 585 1376 esse
601 1308 783 1388 sublatum,
807 1308 975 1388 consules,
997 1308 1055 1393 qui
1071 1307 1174 1373 duces

138 1422 262 1508 publici
285 1422 417 1489 consilii
442 1440 516 1488 esse
541 1421 712 1500 deberent,
736 1421 925 1506 perfecisse,
950 1423 986 1486 ut
1007 1438 1066 1505 per
1082 1419 1176 1504 ipsos

138 1535 310 1620 publicum
335 1535 514 1601 consilium
535 1533 686 1600 funditus
702 1533 882 1612 tolleretur,
906 1551 976 1612 eos,
1001 1533 1059 1617 qui
1076 1532 1176 1618 pluri-

138 1666 230 1713 mum
256 1649 406 1732 possent,
431 1647 560 1732 opponi
584 1646 743 1713 omnibus
764 1646 980 1712 contionibus
995 1646 1091 1725 falso,
1116 1644 1176 1710 sed

138 1759 358 1826 formidolose
381 1762 493 1825 tamen
518 1761 670 1825 auctores
694 1758 736 1824 ad
754 1759 935 1843 perniciem
952 1775 1073 1836 meam,
1097 1775 1176 1824 con-

138 1872 248 1937 tiones
272 1872 389 1937 haberi
412 1871 535 1937 cotidie
558 1873 673 1937 contra
691 1889 755 1950 me,
778 1889 897 1937 vocem
914 1888 975 1954 pro
992 1889 1046 1936 me
1062 1888 1100 1935 ac
1116 1888 1177 1954 pro

138 1983 333 2067 republica
362 1984 532 2049 neminem
561 1983 701 2062 mittere,
730 1983 857 2048 intenta
881 1982 978 2067 signa
1002 1981 1175 2066 legionum

139 2096 319 2161 existimari
343 2095 527 2161 cervicibus
550 2114 589 2161 ac
611 2095 712 2160 bonis
735 2095 854 2162 vestris
870 2094 966 2174 falso,
991 2093 1051 2159 sed
1068 2092 1175 2179 putari

138 2210 262 2286 tamen,
290 2209 538 2273 coniuratorum
567 2209 684 2292 copias
711 2210 840 2274 veteres
864 2210 896 2273 et
920 2207 1061 2273 effusam
1086 2205 1176 2271 illam

139 2338 177 2385 ac
215 2318 412 2403 dissipatam
448 2318 612 2385 Catilinae
647 2319 873 2404 importunam
913 2337 1050 2385 manum
1086 2336 1175 2385 novo

139 2431 224 2498 duce
241 2435 273 2498 et
289 2432 456 2517 insperata
473 2432 738 2498 commutatione
754 2450 862 2498 rerum
880 2450 955 2498 esse
968 2433 1177 2497 renovatam:

138 2545 220 2610 haec
244 2562 319 2610 curn
343 2544 502 2623 viderem,
531 2544 613 2629 qnid
637 2563 784 2629 agerem,
810 2544 959 2610 iudices?
995 2543 1072 2610 Scio
1089 2544 1178 2609 enim

39 2650 40 2654 ’
137 2660 208 2722 tum
246 2675 313 2722 non
349 2657 431 2722 milri
465 2659 612 2722 vestrum
644 2656 805 2735 studium,
843 2655 903 2722 sed
932 2674 1045 2722 meum
1073 2673 1178 2741 prope

137 2772 249 2836 vestro
279 2769 437 2835 defuisse.
484 2767 778 2834 Contenderem
801 2770 915 2834 contra
939 2768 1108 2833 tribunum
1133 2767 1177 2853 pl.
1195 2782 1230 2838 43

140 2882 287 2966 privatus
304 2882 427 2947 armis?
452 2880 620 2946 Vicissent
632 2880 807 2965 improbos
822 2879 913 2959 boni,
930 2880 1032 2946 fortes
1045 2881 1177 2959 inertes,

140 2993 330 3058 interiectus
354 2995 443 3059 esset
466 2994 505 3071 is,
530 2992 587 3078 qui
612 2994 674 3058 hac
698 3011 764 3058 nna
788 2991 955 3058 medicina
982 2992 1055 3058 sola
1071 2992 1180 3077 potuit

140 3123 158 3170 a
183 3105 229 3170 rei
253 3104 407 3189 publicae
423 3108 517 3190 peste
534 3105 671 3190 depelli:
697 3104 778 3190 quid
796 3103 941 3170 deinde?
958 3105 1034 3188 quis
1050 3105 1177 3188 reliqua

140 3218 343 3303 praestaret?
366 3217 418 3282 cui
442 3217 588 3302 denique
606 3220 674 3283 erat
690 3216 844 3296 dubium,
869 3216 951 3301 quin
968 3216 1022 3282 ille
1039 3216 1178 3301 sanguis

138 3330 346 3409 tribunicius,
372 3329 464 3395 nullo
486 3330 679 3414 praesertim
697 3328 833 3415 publico
850 3329 993 3396 consilio
1010 3328 1177 3414 profusus,

139 3443 298 3509 consules
326 3442 451 3508 ultores
479 3443 512 3507 et
539 3440 733 3508 defensores
762 3444 852 3507 esset
879 3440 1076 3506 habiturus?
1103 3458 1178 3506 cum

52 3640 58 3649 Ι
141 3555 278 3639 quidam
296 3556 330 3621 in
347 3554 504 3621 contione
521 3553 660 3619 dixisset
676 3556 733 3619 aut
749 3554 830 3619 milri
847 3552 951 3618 semel
969 3552 1177 3638 pereundum

141 3669 198 3731 aut
231 3666 293 3732 bis
321 3684 397 3732 esse
423 3665 675 3732 vincendum.
728 3664 820 3746 Quid
849 3667 919 3730 erat
946 3665 999 3730 bis
1025 3665 1179 3731 vincere?

141 3777 176 3843 ld
200 3779 359 3864 profect0,
383 3782 428 3858 ut,
452 3797 528 3845 cum
552 3779 786 3845 amentissimo
810 3777 943 3844 tribuno
961 3777 1004 3862 pl.
1023 3778 1050 3842 si
1068 3776 1179 3842 decer·

140 3891 277 3968 tassem‚
301 3908 376 3956 cum
394 3890 591 3956 consulibus
607 3890 794 3974 ceterisque
811 3890 884 3955 eius
901 3887 1066 3954 ultoribus
1082 3887 1179 3953 dimi-

140 4019 260 4068 carem.
307 4001 380 4086 Ego
409 4020 499 4082 vero,
529 4001 582 4068 vel
611 4002 640 4067 si
667 4001 883 4089 pereundum
904 4001 1036 4066 fuisset
1056 4017 1102 4061 ac
1118 4005 1256 4059 noso.
