2648 4446
202 329 245 395 52
414 326 485 388 PRO
503 326 531 381 P.
552 326 671 383 SESTIO
690 326 823 388 ORATIO
841 327 859 396 ᾗ
880 327 1023 383 103-105,

203 518 246 585 ab
274 518 308 583 L.
341 517 462 585 Cassio
489 517 668 584 terebatur:
703 517 852 603 populus
878 517 1065 585 libertatem
1093 519 1149 603 agi
1178 538 1240 604 pu·

203 630 296 696 tabat
320 648 433 708 suam;
458 629 703 696 dissentiebant
725 630 892 715 principes
916 631 1005 695 etin
1029 630 1137 696 salute
1153 632 1240 716 opti-

203 741 345 807 matium
369 741 588 807 temeritatem
613 740 836 806 multitudinis
859 743 893 807 et
911 741 1055 834 tabellae
1071 741 1240 809 licentiam

203 852 494 937 pertimescebant.
528 851 701 937 Agrariam
717 851 766 917 Ti.
783 851 955 918 Gracchus
971 852 1081 938 legem
1098 853 1241 920 ferebat:

202 967 298 1048 grata
321 967 390 1030 erat
413 965 553 1050 populo,
576 965 729 1031 fortunae
752 965 910 1031 constitui
933 967 1124 1032 tenuiorum
1147 966 1241 1033 vide-

204 1075 340 1156 bantur;
378 1077 568 1144 nitebantur
601 1080 714 1143 contra
749 1078 942 1163 optimates,
978 1077 1070 1163 quod
1105 1081 1138 1145 et
1173 1078 1241 1144 dis-

203 1187 353 1255 cordiam
382 1190 515 1256 excitari
541 1189 711 1267 videbant,
736 1192 768 1255 et
794 1208 871 1255 cum
894 1190 1080 1275 locupletes
1104 1209 1241 1275 posses-

203 1300 360 1367 sionibus
384 1301 550 1367 diuturnis
573 1303 795 1381 moverentur,
819 1302 956 1387 spoliari
980 1302 1241 1388 rempublicam

203 1412 517 1498 propugnatoribus
545 1413 796 1480 arbitrabantur.
842 1413 1105 1481 Frumentariam
1129 1414 1242 1501 legem

202 1523 240 1590 C.
269 1523 440 1592 Gracchus
463 1525 604 1593 ierebat:
628 1526 775 1592 iucunda
798 1544 850 1592 res
874 1526 996 1612 plebei,
1018 1527 1126 1594 victus
1150 1527 1242 1594 enim

137 1664 138 1668 ¹
202 1636 486 1721 suppeditabatur
512 1638 603 1722 large
631 1638 703 1704 sine
726 1638 856 1717 labore;
891 1639 1126 1724 repugnabant
1148 1638 1242 1718 boni,

203 1748 297 1833 quod
332 1753 364 1816 et
397 1751 440 1816 ab
474 1750 636 1817 industria
672 1751 806 1835 plebem
841 1750 884 1816 ad
915 1750 1080 1818 desidiam
1108 1753 1242 1818 avocari

203 1862 368 1946 putabant
390 1865 423 1928 et
445 1863 607 1929 aerarium
632 1863 796 1930 exhauriri
819 1863 987 1929 videbant.

135 1979 186 2034 104
289 1974 396 2041 Multa
421 1977 521 2041 etiam
545 1977 658 2042 nostra
675 1976 847 2055 memoria,
871 1994 959 2061 quae
974 1975 1130 2042 consulto
1146 1994 1242 2062 prae·

203 2087 309 2166 tereo,
333 2086 466 2152 luerunt
481 2087 516 2152 in
532 2105 571 2153 ea
587 2087 813 2167 contentione,
834 2090 870 2153 ut
886 2088 1059 2173 popularis
1074 2087 1242 2172 cupiditas

204 2216 223 2263 a
246 2193 391 2264 consilio
415 2199 604 2284 principum
628 2199 815 2267 dissideret.
852 2201 956 2267 Nunc
979 2200 1045 2266 iam
1069 2200 1160 2266 1111111
1181 2204 1242 2280 est,

203 2309 297 2393 quod
333 2310 483 2396 populus
517 2331 536 2378 a
572 2310 709 2378 delectis
736 2311 1012 2396 principibusque
1040 2311 1242 2393 dissentiat,

204 2440 266 2489 nec
300 2422 430 2507 flagitat
463 2442 532 2489 rem
567 2423 669 2490 ullam
704 2441 815 2508 neque
850 2441 1012 2489 novarum
1046 2441 1156 2489 rerum
1191 2426 1243 2490 est

203 2533 350 2618 cupidus
378 2537 410 2601 et
438 2536 508 2601 otio
536 2553 599 2602 suo
625 2538 658 2601 et
685 2535 847 2620 dignitate
875 2536 994 2620 optimi
1021 2536 1186 2621 cuiusque
1210 2537 1243 2602 et

204 2647 381 2713 universae
410 2648 456 2712 rei
486 2647 640 2732 publicae
667 2647 774 2732 gloria
801 2648 991 2714 delectatur.
1037 2648 1153 2732 ltaque
1180 2649 1241 2714 ho-

204 2759 316 2824 mines
342 2759 494 2825 seditiosi
510 2778 548 2825 ac
564 2759 755 2839 turbulenti,
779 2761 858 2845 quia
875 2759 965 2825 nulla
982 2761 1048 2825 iarn
1065 2759 1242 2844 largitione

203 2870 375 2955 populum
402 2871 592 2944 Romanum
620 2873 785 2938 concitare
813 2874 966 2958 possunt,
1002 2870 1095 2957 quod
1123 2871 1242 2956 plebes

203 2983 380 3066 periuncta
405 2984 612 3068 gravissimis
635 2985 859 3050 seditionibus
882 3003 921 3051 ac
941 2983 1118 3050 discordiis
1133 2983 1242 3050 otium

203 3095 423 3179 amplexatur,
448 3095 669 3162 conductus
692 3097 818 3162 habent
840 3098 1050 3162 contiones
1073 3113 1185 3180 neque
1208 3094 1244 3161 id

203 3209 325 3291 agunt,
351 3209 388 3272 ut
410 3227 449 3274 ea
473 3208 585 3274 dicant
607 3212 665 3275 aut
686 3210 800 3288 ierant,
825 3227 913 3294 quae
937 3209 983 3274 illi
998 3208 1102 3274 velint
1117 3207 1244 3287 audire,

204 3319 262 3404 qui
288 3319 322 3385 in
349 3320 507 3385 contione
523 3323 611 3400 sunt,
635 3321 694 3386 sed
711 3322 817 3407 pretio
833 3339 871 3386 ac
888 3320 1041 3387 mercede
1058 3320 1244 3406 perficiunt,

204 3433 249 3514 ut,
288 3430 455 3515 quidquid
490 3431 611 3511 dicant,
641 3432 675 3498 id
709 3433 755 3498 illi
788 3433 874 3499 velle
909 3432 1024 3498 audire
1057 3431 1244 3499 videantur.

135 3549 185 3605 105
203 3542 294 3608 Num
330 3560 392 3608 vos
429 3544 627 3610 existimatis
655 3543 824 3611 Gracchos
858 3547 916 3610 aut
943 3544 1159 3611 Saturninum
1186 3546 1247 3610 aut

202 3672 416 3740 quemquam
434 3655 565 3723 illorum
581 3659 741 3736 veterum,
759 3658 816 3742 qui
830 3657 1011 3743 populares
1024 3656 1245 3736 habebantur,

201 3765 307 3832 ullum
354 3786 516 3854 umquam
555 3770 588 3833 in
625 3769 782 3835 contione
820 3770 979 3836 habuisse
1016 3768 1245 3835 conductum?

201 3879 312 3945 Nemo
352 3881 483 3960 habuit,
518 3882 591 3967 ipsa
626 3882 715 3946 enim
743 3882 875 3966 largitio
903 3885 935 3947 et
965 3899 1044 3967 spes
1071 3879 1244 3947 commodi

192 3992 368 4075 propositi
398 3993 472 4059 sine
502 3993 654 4060 mercede
681 3993 748 4059 ulla
772 3994 1020 4060 multitudinem
1044 3992 1243 4060 concitabat
