2648 4446
352 309 423 371 PRO
440 310 468 364 Ρ.
488 309 608 366 SESTIO
627 309 759 371 ORATIO
779 311 797 379 §
817 310 960 365 101-103.
1127 311 1167 379 51

135 501 250 567 matris
273 503 361 578 tuae,
386 501 443 585 qui
467 518 544 566 cum
567 499 743 566 florentem
767 501 939 567 hominem
963 500 997 566 in
1014 484 1168 586 populari

135 614 274 693 ratione,
297 613 332 678 L.
357 611 584 691 Saturninum,
608 630 727 679 censor
750 614 901 678 notasset
922 630 1068 698 cumque
1090 614 1170 680 insi-

134 726 240 792 tivum
276 723 464 792 Gracchum
502 726 616 791 contra
653 724 721 790 vim
760 724 983 792 multitudinis
1015 726 1170 793 incitatae

135 855 238 904 censu
262 837 492 922 prohibuisset
513 854 659 921 cumque
682 837 716 902 in
740 855 815 903 eam
835 837 956 922 legem,
980 856 1082 923 quam
1099 857 1168 905 non

135 950 206 1016 iure
229 952 380 1035 rogatam
404 948 574 1028 iudicarat,
598 949 705 1015 iurare
728 967 816 1015 unus
833 949 1007 1029 noluisset,
1031 950 1073 1016 de
1089 950 1167 1017 civi·

135 1064 202 1128 tate
217 1061 336 1127 maluit
351 1080 453 1147 quam
470 1060 514 1127 de
529 1061 694 1128 sententia
711 1061 892 1140 demoveri,
916 1064 983 1142 aut,
1007 1064 1043 1127 ut
1057 1064 1169 1129 vetera

135 1174 300 1259 exempla,
325 1191 469 1259 quorum
490 1176 542 1240 est
556 1173 655 1259 copia
670 1172 773 1258 digna
790 1173 889 1239 huius
906 1173 1036 1259 imperii
1052 1175 1170 1259 gloria,

135 1285 322 1372 relinquam
347 1303 431 1352 neve
447 1304 563 1352 eorum
580 1285 738 1370 aliquem,
762 1285 820 1370 qui
836 1286 962 1364 vivunt,
986 1288 1170 1366 nominem,

136 1397 246 1484 qualis
280 1416 388 1483 nuper
415 1398 457 1479 Q.
486 1397 628 1465 Catulus
653 1398 728 1476 luit,
764 1415 865 1483 quem
894 1417 1004 1483 neque
1032 1398 1169 1485 periculi

134 1512 319 1595 tempestas
342 1527 452 1594 neque
476 1510 615 1576 honoris
638 1527 717 1575 aura
741 1511 851 1594 potuit
869 1528 1030 1596 umquam
1048 1509 1090 1577 de
1106 1528 1169 1577 suo

134 1640 233 1690 cursu
246 1623 305 1687 aut
316 1639 377 1706 spe
390 1623 448 1687 aut
463 1624 555 1687 metu
572 1619 761 1688 demovere.
773 1660 817 1668 —
829 1621 921 1688 Haec
933 1624 1166 1697 imitamini,
1187 1629 1239 1685 102

135 1753 195 1819 per
217 1734 302 1800 deos
317 1733 534 1812 immortales,
559 1733 617 1818 qui
634 1733 842 1818 dignitatem,
867 1734 924 1819 qui
942 1733 1088 1813 laudem,
1112 1736 1169 1820 qui

135 1846 277 1931 gloriam
293 1846 466 1931 quaeritisl
495 1846 588 1912 Haec
604 1846 716 1931 ampla
733 1851 820 1926 sunt,
844 1847 926 1913 haec
942 1846 1065 1926 divina,
1086 1848 1170 1914 haec

135 1958 350 2037 immortalia;
384 1959 467 2024 haec
493 1958 582 2023 lama
609 1957 825 2037 celebrantur,
856 1959 1085 2025 monumentis
1112 1978 1169 2025 an-

135 2071 263 2137 nalium
282 2069 492 2149 mandantur,
517 2070 702 2154 posteritati
719 2072 956 2155 propagantur.
991 2070 1050 2136 Est
1065 2070 1169 2150 labor,

136 2200 205 2248 non
229 2199 330 2267 neg0,
354 2182 498 2266 pericula
523 2201 656 2266 magna,
680 2182 795 2261 lateor,

385 2326 521 2396 ‘multae
545 2329 687 2396 insidiae
711 2332 789 2395 sunt
812 2323 923 2395 bonis’

134 2476 308 2544 verissime
333 2476 458 2543 dictum
483 2479 548 2556 est;
573 2477 632 2543 sed
656 2479 688 2542 te

219 2627 276 2710 tid,
301 2631 394 2716 quod
418 2631 513 2697 multi
537 2630 709 2697 invideant
732 2631 895 2716 multique
919 2633 1085 2716 expetant,

540 2744 670 2809 inscitia
694 2737 765 2823 est’,

134 2845 252 2931 inquit,

161 2998 355 3086 ‘postulare
379 3004 443 3068 nisi
467 3003 617 3069 laborem
641 3006 774 3069 summa
798 3021 873 3069 cum
897 3020 973 3069 cura
997 3000 1143 3070 ecferas.³

133 3147 268 3215 Nollem
296 3149 386 3216 idem
416 3150 482 3216 alio
506 3152 582 3217 loco
606 3151 754 3230 dixisset,
779 3151 871 3236 quod
895 3152 1084 3237 exciperent
1108 3151 1168 3216 im-

134 3261 231 3345 probi
255 3263 359 3328 cives:

424 3381 576 3463 ‘oderint
601 3383 682 3449 dum
707 3382 883 3463 metuant²3

134 3528 301 3611 praeclara
325 3530 415 3594 enim
439 3529 494 3594 illa
518 3532 695 3615 praecepta
718 3530 856 3597 dederat
878 3529 1051 3596 iuventuti.

221 3639 288 3706 Sed
322 3642 435 3706 tamen
470 3642 552 3707 haec
585 3641 638 3707 via
673 3660 711 3707 ac
744 3643 827 3708 ratio
858 3641 903 3706 rei
931 3640 1086 3725 publicae
1114 3659 1166 3706 ca·
1188 3647 1237 3703 103

133 3753 323 3836 pessendae
347 3753 435 3820 olim
453 3755 521 3819 erat
537 3754 646 3838 magis
661 3752 937 3839 pertimescenda,
960 3771 1037 3818 cum
1053 3753 1167 3818 multis

132 3864 166 3929 in
195 3864 295 3930 rebus
325 3865 547 3931 multitudinis
571 3865 720 3932 studium
744 3883 782 3930 ac
806 3864 923 3950 populi
946 3864 1165 3930 commodum

133 3976 175 4041 ab
204 3976 344 4042 utilitate
371 3977 595 4063 reipublicae
619 3977 860 4059 discrepabat.
905 3976 1090 4043 Tabellaria
1113 3975 1168 4042 lex

997 4095 1030 4147 ,p
