2648 4446
341 354 411 417 PRO
429 354 457 409 P.
477 354 597 411 SESTIO
616 354 749 417 ORATIO
767 355 785 424 §
807 355 950 410 120-122.
1123 356 1166 423 59

217 545 289 632 ‘qul
312 564 381 613 rem
405 545 574 631 publicam
598 548 687 612 certo
711 546 825 611 animo
848 546 1021 625 adiuverit,

179 659 337 737 statuerit,
361 659 487 723 steterit
509 675 586 723 cum
609 650 754 723 Achivis'
776 695 820 703 -

131 822 308 891 vobiscum
333 841 386 888 me
410 822 542 887 stetisse
563 821 705 900 dicebat,
728 822 857 888 vestros
875 821 1009 888 ordines
1026 821 1166 888 demon·

135 935 272 1003 strabat!
308 933 526 1001 revocabatur
548 934 591 999 ab
614 934 779 1000 universis
801 972 845 980 -

907 1069 953 1137 ‘re
977 1072 1080 1138 dubia

182 1186 262 1251 baut
290 1184 448 1250 dubitarit
474 1187 576 1250 vitam
607 1185 724 1250 oliene
754 1188 815 1250 nec
838 1185 937 1269 capiti
961 1181 1167 1270 pepercerit'!

111 1334 231 1424 Ἥεεε
254 1358 388 1443 quantis
411 1357 454 1423 ab
478 1356 535 1422 illo
559 1356 762 1423 clamoribus
787 1356 985 1441 agebantur!
1009 1375 1085 1422 cum
1102 1358 1167 1423 iam

138 1470 267 1537 omisso
294 1472 392 1555 gestu
420 1468 530 1534 verbis
561 1471 682 1554 poetae
709 1470 742 1535 et
770 1468 882 1534 studio
910 1468 1030 1534 actoris
1058 1470 1091 1533 et
1113 1487 1167 1535 ex-

133 1583 331 1667 spectationi
356 1584 489 1648 nostrae
513 1580 739 1666 plauderetur:

173 1744 356 1812 ‘summurn
381 1746 526 1811 amicum
550 1747 685 1810 summo
709 1745 742 1809 in
766 1736 880 1809 bello'!

136 1929 213 1976 nam
237 1909 319 1975 illud
343 1911 416 1995 ipse
440 1911 531 1976 actor
552 1907 759 1992 adiungebat
782 1909 891 1974 amico
915 1910 1029 1975 animo
1053 1911 1085 1974 et
1104 1909 1168 1974 ior-

135 2025 224 2089 tasse
237 2021 393 2088 homines
405 2023 541 2106 propter
552 2019 691 2106 aliquod
704 2020 908 2086 desiderium
921 2020 1167 2105 approbabant:

620 2182 768 2250 ‘srimmo
796 2184 934 2268 ingenio
958 2176 1167 2268 praeditum'.

132 2348 200 2415 lam
223 2348 278 2415 illa
302 2351 429 2433 quanto
449 2367 525 2414 curn
546 2348 675 2432 gemitu
691 2347 809 2432 populi
825 2346 967 2420 Romani
984 2346 1027 2412 ab
1044 2347 1166 2413 eodem
1188 2355 1234 2411 121

140 2462 242 2546 paulo
271 2465 348 2547 post
371 2461 404 2526 in
428 2461 548 2527 eadem
571 2459 685 2526 tabula
708 2461 787 2525 sunt
810 2461 893 2525 acta:

175 2622 208 2691 εο
232 2618 348 2710 pates!

133 2788 201 2867 Me,
235 2807 289 2855 me
324 2789 378 2854 ille
406 2789 581 2854 absentem
611 2790 647 2853 ut
674 2790 801 2872 patrem
829 2785 1075 2872 deplorandum
1106 2803 1167 2870 pu-

133 2901 233 2983 tabat,
269 2921 371 2988 quem
399 2902 441 2983 Q.
471 2901 622 2981 Catulus,
658 2919 759 2987 quem
794 2900 889 2966 multi
917 2900 972 2965 alii
1003 2918 1105 2985 saepe
1133 2900 1167 2965 in

137 3017 255 3081 senatu
279 3019 406 3101 patrem
431 3015 556 3100 patriae
580 3014 801 3080 nominarant.
841 3012 978 3093 Quanto
994 3030 1070 3078 curn
1086 3012 1167 3078 iletu

136 3126 178 3193 de
207 3128 272 3193 illis
303 3129 425 3194 nostris
453 3127 616 3193 incendiis
644 3145 683 3193 ac
705 3126 819 3205 ruinis,
843 3143 919 3191 curn
944 3127 1071 3210 patrem
1095 3123 1167 3210 pul·

135 3256 221 3319 sum,
249 3241 389 3324 patriam
417 3239 573 3305 afflictam
602 3238 800 3323 deploraret,
829 3237 969 3302 domum
996 3237 1167 3302 incensam

134 3353 367 3436 eversamque!
392 3351 440 3417 sic
463 3351 540 3435 egit,
566 3353 611 3429 ut,
635 3350 862 3416 demonstrata
883 3348 1020 3434 pristina
1036 3348 1168 3414 iortuna

131 3481 207 3529 curn
232 3482 268 3530 se
292 3464 523 3530 convertisset:

174 3627 268 3695 ‘baec
292 3629 405 3695 omnia
428 3628 497 3695 vidi
521 3627 741 3706 inflammari,

130 3793 248 3859 iletum
272 3795 372 3860 etiam
396 3794 540 3859 inimicis
564 3795 666 3877 atque
690 3791 815 3857 invidis
839 3791 1009 3856 excitaretl
1048 3789 1112 3855 Pro
1136 3789 1170 3855 di
1190 3795 1239 3850 122

132 3903 351 3972 immortales!
381 3905 485 3992 quid?
513 3905 568 3971 illa
597 3923 698 3991 quern
727 3903 769 3970 ad
793 3902 934 3969 modum
958 3902 1041 3967 dixit
1062 3900 1167 3967 idem!

138 4034 226 4100 quae
250 4017 331 4082 milri
355 4019 493 4102 quidem
517 4018 561 4083 ita
585 4020 618 4083 et
640 4019 712 4083 acta
730 4018 763 4083 et
778 4016 902 4101 scripta
914 4014 1073 4080 uidentur
1085 4031 1184 4086 esse„
