2648 4446
346 323 417 385 axo
438 323 466 377 Ρ.
486 322 608 378 sesno
626 321 760 382 ortano
778 322 796 390 ς
816 321 959 376 rra-114.
1128 321 1170 388 55

221 515 300 580 Illuc
333 516 491 580 revertor:
531 514 644 579 contra
679 530 733 578 me
762 530 838 579 cum
866 512 909 577 sit
935 514 1046 578 actum
1073 513 1169 596 capta
1190 517 1239 573 112

136 627 218 693 urbe
242 629 342 712 atque
368 643 541 712 oppressa,
566 623 724 703 Gellium,
748 623 955 702 Firmidium,
979 622 1113 701 Titium,
1137 642 1169 689 e-

137 738 270 805 iusdem
295 737 388 804 modi
412 737 513 803 turias
537 737 602 802 illis
626 737 860 803 mercennariis
883 735 1043 821 gregibus
1067 735 1170 801 duces

138 852 172 917 et
193 852 346 940 auctores
369 849 483 927 luisse,
507 867 584 915 cum
607 849 681 933 ipse
703 848 789 914 lator
811 847 892 912 nihil
909 846 951 912 ab
969 846 1087 913 horum
1104 848 1168 912 tur-

136 960 299 1047 pitudine,
334 961 484 1040 audacia,
517 960 674 1026 sordibus
704 960 904 1027 abhorreret.
952 957 996 1024 At
1022 977 1099 1024 cum
1128 958 1169 1027 de

139 1072 300 1158 dignitate
324 1092 400 1139 mea
422 1073 597 1151 terebatur,
621 1091 722 1138 nemo
739 1072 803 1137 sibi
820 1090 881 1137 nec
896 1071 1098 1137 valetudinis
1114 1090 1168 1137 ex-

140 1187 350 1254 cusationem
374 1204 435 1251 nec
459 1186 639 1252 senectutis
663 1185 744 1251 satis
767 1185 889 1250 iustam
913 1183 1014 1250 ullam
1032 1184 1170 1269 putavit,

138 1316 239 1365 nemo
269 1297 339 1377 luit,
368 1298 425 1382 qui
454 1315 490 1363 se
522 1314 590 1362 non
621 1315 690 1363 rem
721 1296 890 1381 publicam
914 1313 1046 1363 mecum
1070 1295 1169 1361 simul

134 1427 289 1477 revocare
312 1410 346 1474 in
370 1427 450 1475 suas
473 1408 573 1476 sedes
596 1408 814 1474 arbitraretur.

220 1521 404 1589 Videamus
429 1539 518 1586 nunc
540 1521 675 1587 comitia
698 1521 972 1604 magistratuum.
1010 1518 1087 1584 Fuit
1102 1519 1169 1585 col·
1190 1525 1238 1582 113

138 1633 264 1719 legium
289 1652 396 1718 nuper
417 1633 642 1712 tribunicium,
666 1632 700 1696 in
724 1650 793 1716 quo
816 1634 882 1699 tres
898 1631 1046 1710 minime,
1069 1631 1168 1697 velie-

140 1748 270 1813 menter
302 1745 371 1812 duo
406 1745 587 1831 populares
616 1742 900 1810 existimabantur.
949 1743 998 1809 Ex
1025 1743 1076 1822 iis,
1111 1743 1168 1828 qui

141 1858 322 1943 populares
345 1876 414 1923 non
439 1857 657 1935 habebantur,
682 1856 806 1941 quibus
830 1857 863 1920 in
880 1855 937 1921 illo
952 1874 1075 1940 genere
1091 1874 1169 1922 con-

137 1969 310 2037 ductarum
345 1971 541 2036 contionum
576 1968 782 2035 consistendi
818 1970 968 2053 potestas
995 1986 1064 2034 non
1092 1970 1169 2046 erat,

140 2080 209 2148 duo
239 2101 258 2148 a
286 2082 415 2167 populo
439 2081 593 2155 Romano
622 2084 791 2167 praetores
818 2080 919 2147 video
946 2099 1021 2146 esse
1049 2080 1170 2157 lactos;

135 2195 168 2260 et
190 2196 354 2278 quantum
378 2194 592 2259 sermonibus
615 2194 707 2279 vulgi
731 2196 764 2261 et
786 2193 954 2278 suffragiis
977 2191 1170 2276 intellegere

135 2305 241 2390 potui,
265 2324 344 2390 prae
367 2324 403 2373 se
428 2306 577 2392 populus
600 2285 773 2379 Romanus
796 2304 923 2371 terebat
945 2304 1009 2370 sibi
1025 2303 1119 2369 illurn
1136 2304 1169 2368 in
1225 2301 1227 2305 ’

135 2416 304 2484 tribunatu
328 2418 390 2486 Cn.
407 2419 535 2485 Domiti
555 2419 706 2485 animum
723 2419 932 2484 constantem
949 2417 981 2482 et
996 2415 1169 2500 egregium

141 2529 243 2610 etQ.
271 2529 414 2597 Anchari
448 2531 551 2598 iidem
586 2550 624 2597 ac
657 2528 896 2608 tortitudinem,
931 2529 1061 2595 etiamsi
1088 2527 1170 2593 nihil

137 2660 237 2726 agere
261 2644 460 2728 potuissent,
483 2646 596 2709 tamen
620 2643 792 2708 voluntate
815 2642 889 2726 ipsa
908 2643 1040 2727 gratum
1056 2641 1169 2707 luisse.

142 2752 209 2819 larn
231 2753 272 2821 de
290 2754 327 2821 C.
344 2755 474 2821 Fannio
491 2773 579 2839 quae
595 2756 638 2820 sit
653 2754 865 2834 existimatio,
888 2753 1053 2834 videmus,
1077 2752 1170 2838 quod

140 2864 301 2932 iudicium
330 2866 448 2951 populi
477 2866 620 2940 Romani
648 2867 681 2931 in
710 2866 895 2932 honoribus
923 2867 996 2933 eius
1022 2866 1169 2931 luturum

142 2976 195 3056 sit,
224 2978 350 3043 nemini
378 2978 520 3044 dubium
544 2997 619 3044 esse
642 2978 752 3044 debet.
775 3016 819 3025 —
842 2977 957 3058 Quid?
991 2977 1171 3063 populares
1192 2982 1242 3037 114

139 3087 185 3153 illi
209 3088 278 3156 duo
302 3089 383 3175 quid
407 3091 570 3174 egerunt?
597 3089 697 3169 Alter,
721 3091 779 3175 qui
801 3093 914 3157 tamen
938 3108 974 3157 se
997 3090 1170 3156 continue-

139 3202 197 3279 rat,
221 3201 340 3267 tulerat
363 3200 455 3280 nihil,
479 3205 629 3269 senserat
650 3205 780 3269 tantum
804 3201 902 3269 dere
929 3202 1062 3287 publica
1080 3200 1170 3267 aliud

141 3314 242 3396 atque
266 3314 421 3380 nomines
448 3314 696 3399 exspectabant,
720 3315 770 3380 vir
784 3317 818 3380 et
831 3313 944 3380 bonus
960 3316 993 3381 et
1008 3315 1170 3380 innocens

134 3425 168 3488 et
189 3423 289 3490 bonis
312 3425 390 3491 viris
414 3443 548 3509 semper
569 3425 741 3510 probatus,
765 3426 858 3511 quod
881 3444 999 3510 parum
1015 3424 1170 3492 videlicet

134 3535 299 3603 intellexit
325 3538 358 3602 in
386 3538 566 3617 tribunatu,
598 3537 680 3623 quid
706 3556 786 3605 vero
810 3538 940 3623 populo
964 3538 1167 3623 probaretur,

137 3650 170 3713 et
186 3648 278 3734 quod
295 3649 388 3715 illum
406 3669 481 3717 esse
497 3650 663 3736 populum
676 3650 877 3730 Romanum,
893 3651 951 3735 qui
964 3651 998 3716 in
1011 3652 1168 3719 contione

137 3762 216 3838 erat,
251 3761 479 3841 arbitrabatur,
508 3782 577 3829 non
604 3764 712 3829 tenuit
738 3781 816 3830 eurn
844 3763 966 3843 locum,
993 3764 1027 3829 in
1055 3783 1167 3850 quern,

98 3962 104 3971 .
137 3871 201 3936 nisi
236 3873 408 3958 popularis
444 3893 518 3940 esse
552 3875 724 3954 voluisset,
762 3875 918 3941 lacillime
951 3878 1167 3960 pervenisset.

132 3981 233 4063 Alter,
272 3986 329 4069 qui
367 3986 411 4051 ita
450 4004 486 4051 se
524 3987 557 4052 in
596 3987 750 4074 populari
788 3988 916 4055 ratione
950 3989 1102 4066 iactarat,
1132 3992 1177 4052 ut
