<?xml version="1.0" encoding="UTF-8"?>
<!DOCTYPE html PUBLIC "-//W3C//DTD XHTML 1.0 Transitional//EN"
    "http://www.w3.org/TR/xhtml1/DTD/xhtml1-transitional.dtd">
<html xmlns="http://www.w3.org/1999/xhtml" xml:lang="en" lang="en">
 <head>
  <title>
</title>
<meta http-equiv="Content-Type" content="text/html;charset=utf-8" />
  <meta name='ocr-system' content='tesseract 3.04.00' />
  <meta name='ocr-capabilities' content='ocr_page ocr_carea ocr_par ocr_line ocrx_word'/>
</head>
<body>
  <div class='ocr_page' id='page_1' title='image "./redefrsestius00cicegoog_0037.png"; bbox 0 0 2648 4446; ppageno 0'>
   <div class='ocr_carea' id='block_1_1' title="bbox 183 311 993 381">
    <p class='ocr_par' dir='ltr' id='par_1_1' title="bbox 183 311 993 381">
     <span class='ocr_line' id='line_1_1' title="bbox 183 311 993 381; baseline 0 -15"><span class='ocrx_word' id='word_1_1' title='bbox 183 314 225 381; x_wconf 84' lang='lat'>28</span> <span class='ocrx_word' id='word_1_2' title='bbox 413 312 483 373; x_wconf 73' lang='lat' dir='ltr'>pao</span> <span class='ocrx_word' id='word_1_3' title='bbox 502 312 530 366; x_wconf 79' lang='grc' dir='ltr'>Ρ.</span> <span class='ocrx_word' id='word_1_4' title='bbox 553 312 675 368; x_wconf 78' lang='lat' dir='ltr'>sssrro</span> <span class='ocrx_word' id='word_1_5' title='bbox 694 311 827 372; x_wconf 72' lang='lat' dir='ltr'>ortano</span> <span class='ocrx_word' id='word_1_6' title='bbox 847 313 864 381; x_wconf 71' lang='lat' dir='ltr'>s</span> <span class='ocrx_word' id='word_1_7' title='bbox 882 313 993 368; x_wconf 84' lang='lat'>54-56.</span> 
     </span>
    </p>
   </div>
   <div class='ocr_carea' id='block_1_2' title="bbox 183 503 1227 1151">
    <p class='ocr_par' dir='ltr' id='par_1_2' title="bbox 183 503 1227 1151">
     <span class='ocr_line' id='line_1_2' title="bbox 184 503 1227 589; baseline 0 -18"><span class='ocrx_word' id='word_1_8' title='bbox 184 505 290 571; x_wconf 86' lang='lat' dir='ltr'>batur</span> <span class='ocrx_word' id='word_1_9' title='bbox 306 520 399 571; x_wconf 84' lang='lat' dir='ltr'>uxor</span> <span class='ocrx_word' id='word_1_10' title='bbox 414 519 507 584; x_wconf 87' lang='lat' dir='ltr'>mea,</span> <span class='ocrx_word' id='word_1_11' title='bbox 531 503 624 570; x_wconf 90' lang='lat' dir='ltr'>liberi</span> <span class='ocrx_word' id='word_1_12' title='bbox 641 503 683 570; x_wconf 93' lang='lat' dir='ltr'>ad</span> <span class='ocrx_word' id='word_1_13' title='bbox 701 522 816 570; x_wconf 87' lang='lat' dir='ltr'><strong>necem</strong></span> <span class='ocrx_word' id='word_1_14' title='bbox 833 503 1088 589; x_wconf 82' lang='lat' dir='ltr'>quaerebantur,</span> <span class='ocrx_word' id='word_1_15' title='bbox 1110 523 1227 588; x_wconf 91' lang='lat' dir='ltr'>gener,</span> 
     </span>
     <span class='ocr_line' id='line_1_3' title="bbox 183 615 1222 702; baseline 0 -19"><span class='ocrx_word' id='word_1_16' title='bbox 183 620 216 683; x_wconf 90' lang='lat' dir='ltr'>et</span> <span class='ocrx_word' id='word_1_17' title='bbox 244 617 323 683; x_wconf 82' lang='lat' dir='ltr'>Piso</span> <span class='ocrx_word' id='word_1_18' title='bbox 357 634 470 701; x_wconf 91' lang='lat' dir='ltr'>gener,</span> <span class='ocrx_word' id='word_1_19' title='bbox 505 635 524 682; x_wconf 92' lang='lat' dir='ltr'>a</span> <span class='ocrx_word' id='word_1_20' title='bbox 552 617 685 683; x_wconf 87' lang='lat' dir='ltr'>Pisonis</span> <span class='ocrx_word' id='word_1_21' title='bbox 719 616 868 683; x_wconf 90' lang='lat' dir='ltr'>consulis</span> <span class='ocrx_word' id='word_1_22' title='bbox 902 615 1047 701; x_wconf 90' lang='lat' dir='ltr'>pedibus</span> <span class='ocrx_word' id='word_1_23' title='bbox 1076 617 1222 702; x_wconf 88' lang='lat' dir='ltr'>supplex</span> 
     </span>
     <span class='ocr_line' id='line_1_4' title="bbox 184 728 1223 813; baseline 0.002 -19"><span class='ocrx_word' id='word_1_24' title='bbox 184 729 393 806; x_wconf 90' lang='lat' dir='ltr'>reiciebatur,</span> <span class='ocrx_word' id='word_1_25' title='bbox 432 729 522 795; x_wconf 92' lang='lat' dir='ltr'>bona</span> <span class='ocrx_word' id='word_1_26' title='bbox 561 728 802 813; x_wconf 80' lang='lat' dir='ltr'>diripiebantur</span> <span class='ocrx_word' id='word_1_27' title='bbox 839 745 947 812; x_wconf 90' lang='lat' dir='ltr'>eaque</span> <span class='ocrx_word' id='word_1_28' title='bbox 981 728 1023 794; x_wconf 92' lang='lat' dir='ltr'>ad</span> <span class='ocrx_word' id='word_1_29' title='bbox 1062 729 1223 796; x_wconf 90' lang='lat' dir='ltr'>consules</span> 
     </span>
     <span class='ocr_line' id='line_1_5' title="bbox 183 840 1220 921; baseline 0.001 -14"><span class='ocrx_word' id='word_1_30' title='bbox 183 841 429 921; x_wconf 86' lang='lat' dir='ltr'>deferebantur,</span> <span class='ocrx_word' id='word_1_31' title='bbox 468 840 591 907; x_wconf 91' lang='lat' dir='ltr'>domus</span> <span class='ocrx_word' id='word_1_32' title='bbox 630 840 767 906; x_wconf 86' lang='lat' dir='ltr'>ardebat</span> <span class='ocrx_word' id='word_1_33' title='bbox 805 841 839 904; x_wconf 93' lang='lat' dir='ltr'>in</span> <span class='ocrx_word' id='word_1_34' title='bbox 877 841 1021 907; x_wconf 87' lang='lat' dir='ltr'>Palatio:</span> <span class='ocrx_word' id='word_1_35' title='bbox 1059 841 1220 908; x_wconf 87' lang='lat' dir='ltr'>consules</span> 
     </span>
     <span class='ocr_line' id='line_1_6' title="bbox 184 952 1220 1039; baseline -0.002 -19"><span class='ocrx_word' id='word_1_36' title='bbox 184 953 414 1039; x_wconf 82' lang='lat' dir='ltr'>epulabantur.</span> <span class='ocrx_word' id='word_1_37' title='bbox 466 952 600 1034; x_wconf 90' lang='lat' dir='ltr'>Quodsi</span> <span class='ocrx_word' id='word_1_38' title='bbox 631 953 716 1019; x_wconf 91' lang='lat' dir='ltr'>meis</span> <span class='ocrx_word' id='word_1_39' title='bbox 745 953 972 1018; x_wconf 90' lang='lat' dir='ltr'>incommodis</span> <span class='ocrx_word' id='word_1_40' title='bbox 999 952 1220 1033; x_wconf 90' lang='lat' dir='ltr'>laetabantur,</span> 
     </span>
     <span class='ocr_line' id='line_1_7' title="bbox 184 1065 909 1151; baseline -0.004 -19"><span class='ocrx_word' id='word_1_41' title='bbox 184 1066 275 1132; x_wconf 92' lang='lat' dir='ltr'>urbis</span> <span class='ocrx_word' id='word_1_42' title='bbox 299 1069 412 1132; x_wconf 93' lang='lat' dir='ltr'>tamen</span> <span class='ocrx_word' id='word_1_43' title='bbox 436 1065 585 1151; x_wconf 91' lang='lat' dir='ltr'>periculo</span> <span class='ocrx_word' id='word_1_44' title='bbox 608 1068 909 1132; x_wconf 79' lang='lat' dir='ltr'>commoverentur.</span> 
     </span>
    </p>
   </div>
   <div class='ocr_carea' id='block_1_3' title="bbox 67 1288 1231 4076">
    <p class='ocr_par' dir='ltr' id='par_1_3' title="bbox 132 1288 1228 2276">
     <span class='ocr_line' id='line_1_8' title="bbox 132 1288 1226 1372; baseline 0.001 -16"><span class='ocrx_word' id='word_1_45' title='bbox 132 1298 167 1356; x_wconf 92' lang='grc'>55</span> <span class='ocrx_word' id='word_1_46' title='bbox 273 1291 340 1358; x_wconf 89' lang='lat' dir='ltr'>Sed</span> <span class='ocrx_word' id='word_1_47' title='bbox 364 1294 400 1356; x_wconf 91' lang='lat' dir='ltr'>ut</span> <span class='ocrx_word' id='word_1_48' title='bbox 423 1310 442 1357; x_wconf 94' lang='lat' dir='ltr'>a</span> <span class='ocrx_word' id='word_1_49' title='bbox 465 1309 540 1356; x_wconf 92' lang='lat' dir='ltr'>mea</span> <span class='ocrx_word' id='word_1_50' title='bbox 561 1309 662 1357; x_wconf 89' lang='lat' dir='ltr'>causa</span> <span class='ocrx_word' id='word_1_51' title='bbox 679 1291 744 1355; x_wconf 90' lang='lat' dir='ltr'>iam</span> <span class='ocrx_word' id='word_1_52' title='bbox 762 1290 926 1368; x_wconf 91' lang='lat' dir='ltr'>recedam,</span> <span class='ocrx_word' id='word_1_53' title='bbox 950 1288 1109 1372; x_wconf 87' lang='lat' dir='ltr'>reliquas</span> <span class='ocrx_word' id='word_1_54' title='bbox 1126 1289 1226 1357; x_wconf 86' lang='lat' dir='ltr'>illius</span> 
     </span>
     <span class='ocr_line' id='line_1_9' title="bbox 186 1402 1226 1488; baseline -0.003 -17"><span class='ocrx_word' id='word_1_55' title='bbox 186 1404 271 1471; x_wconf 89' lang='lat' dir='ltr'>anni</span> <span class='ocrx_word' id='word_1_56' title='bbox 306 1407 428 1485; x_wconf 89' lang='lat' dir='ltr'>pestes</span> <span class='ocrx_word' id='word_1_57' title='bbox 456 1403 675 1469; x_wconf 88' lang='lat' dir='ltr'>recordamini</span> <span class='ocrx_word' id='word_1_58' title='bbox 705 1402 766 1488; x_wconf 87' lang='lat' dir='ltr'>(sic</span> <span class='ocrx_word' id='word_1_59' title='bbox 794 1403 883 1467; x_wconf 91' lang='lat' dir='ltr'>enim</span> <span class='ocrx_word' id='word_1_60' title='bbox 912 1402 1068 1468; x_wconf 81' lang='lat' dir='ltr'>facillime</span> <span class='ocrx_word' id='word_1_61' title='bbox 1096 1403 1226 1486; x_wconf 90' lang='lat' dir='ltr'>perspi·</span> 
     </span>
     <span class='ocr_line' id='line_1_10' title="bbox 184 1515 1223 1602; baseline -0.002 -18"><span class='ocrx_word' id='word_1_62' title='bbox 184 1519 288 1596; x_wconf 86' lang='lat' dir='ltr'>cieiis,</span> <span class='ocrx_word' id='word_1_63' title='bbox 313 1519 472 1602; x_wconf 91' lang='lat' dir='ltr'>quantam</span> <span class='ocrx_word' id='word_1_64' title='bbox 497 1517 565 1581; x_wconf 92' lang='lat' dir='ltr'>vim</span> <span class='ocrx_word' id='word_1_65' title='bbox 590 1516 742 1582; x_wconf 91' lang='lat' dir='ltr'>omnium</span> <span class='ocrx_word' id='word_1_66' title='bbox 767 1515 993 1582; x_wconf 86' lang='lat' dir='ltr'>remediorum</span> <span class='ocrx_word' id='word_1_67' title='bbox 1011 1534 1030 1580; x_wconf 93' lang='lat' dir='ltr'>a</span> <span class='ocrx_word' id='word_1_68' title='bbox 1047 1516 1223 1600; x_wconf 89' lang='lat' dir='ltr'>magistra·</span> 
     </span>
     <span class='ocr_line' id='line_1_11' title="bbox 183 1626 1228 1714; baseline -0.002 -19"><span class='ocrx_word' id='word_1_69' title='bbox 183 1630 274 1696; x_wconf 90' lang='lat' dir='ltr'>tibus</span> <span class='ocrx_word' id='word_1_70' title='bbox 297 1630 458 1714; x_wconf 86' lang='lat' dir='ltr'>proximis</span> <span class='ocrx_word' id='word_1_71' title='bbox 475 1628 677 1713; x_wconf 90' lang='lat' dir='ltr'>respublica</span> <span class='ocrx_word' id='word_1_72' title='bbox 694 1627 913 1714; x_wconf 83' lang='lat' dir='ltr'>desiderarit),</span> <span class='ocrx_word' id='word_1_73' title='bbox 937 1626 1074 1712; x_wconf 86' lang='lat' dir='ltr'>legum</span> <span class='ocrx_word' id='word_1_74' title='bbox 1090 1626 1228 1693; x_wconf 84' lang='lat' dir='ltr'>multi·</span> 
     </span>
     <span class='ocr_line' id='line_1_12' title="bbox 186 1739 1223 1825; baseline -0.002 -18"><span class='ocrx_word' id='word_1_75' title='bbox 186 1741 365 1807; x_wconf 80' lang='lat' dir='ltr'>tudinem</span> <span class='ocrx_word' id='word_1_76' title='bbox 388 1759 464 1807; x_wconf 90' lang='lat' dir='ltr'>curn</span> <span class='ocrx_word' id='word_1_77' title='bbox 481 1759 605 1818; x_wconf 90' lang='lat' dir='ltr'>earum,</span> <span class='ocrx_word' id='word_1_78' title='bbox 630 1758 717 1824; x_wconf 88' lang='lat' dir='ltr'>quae</span> <span class='ocrx_word' id='word_1_79' title='bbox 734 1739 820 1805; x_wconf 91' lang='lat' dir='ltr'>latae</span> <span class='ocrx_word' id='word_1_80' title='bbox 837 1742 924 1818; x_wconf 93' lang='lat' dir='ltr'>sunt,</span> <span class='ocrx_word' id='word_1_81' title='bbox 948 1741 1019 1804; x_wconf 92' lang='lat' dir='ltr'>tum</span> <span class='ocrx_word' id='word_1_82' title='bbox 1035 1757 1116 1806; x_wconf 89' lang='lat' dir='ltr'>vero</span> <span class='ocrx_word' id='word_1_83' title='bbox 1132 1756 1223 1825; x_wconf 89' lang='lat' dir='ltr'>quae</span> 
     </span>
     <span class='ocr_line' id='line_1_13' title="bbox 186 1850 1224 1939; baseline -0.003 -20"><span class='ocrx_word' id='word_1_84' title='bbox 186 1852 418 1939; x_wconf 85' lang='lat' dir='ltr'>promulgatae</span> <span class='ocrx_word' id='word_1_85' title='bbox 441 1853 584 1918; x_wconf 87' lang='lat' dir='ltr'>luerunt.</span> <span class='ocrx_word' id='word_1_86' title='bbox 630 1852 717 1919; x_wconf 91' lang='lat' dir='ltr'>Nam</span> <span class='ocrx_word' id='word_1_87' title='bbox 741 1850 855 1916; x_wconf 88' lang='lat' dir='ltr'>lutue</span> <span class='ocrx_word' id='word_1_88' title='bbox 878 1850 1016 1935; x_wconf 92' lang='lat' dir='ltr'>quidem</span> <span class='ocrx_word' id='word_1_89' title='bbox 1041 1853 1120 1916; x_wconf 90' lang='lat' dir='ltr'>sunt</span> <span class='ocrx_word' id='word_1_90' title='bbox 1143 1869 1224 1918; x_wconf 90' lang='lat' dir='ltr'>con-</span> 
     </span>
     <span class='ocr_line' id='line_1_14' title="bbox 186 1965 1225 2034; baseline -0.002 -1"><span class='ocrx_word' id='word_1_91' title='bbox 186 1968 317 2034; x_wconf 91' lang='lat' dir='ltr'>sulibus</span> <span class='ocrx_word' id='word_1_92' title='bbox 345 1967 410 2032; x_wconf 90' lang='lat' dir='ltr'>illis</span> <span class='ocrx_word' id='word_1_93' title='bbox 437 2004 481 2012; x_wconf 98' lang='lat'><strong>—</strong></span> <span class='ocrx_word' id='word_1_94' title='bbox 507 1965 695 2032; x_wconf 84' lang='lat' dir='ltr'>tacentibus</span> <span class='ocrx_word' id='word_1_95' title='bbox 725 1965 857 2032; x_wconf 80' lang='lat' dir='ltr'>dicam?</span> <span class='ocrx_word' id='word_1_96' title='bbox 892 1967 996 2031; x_wconf 94' lang='lat' dir='ltr'>immo</span> <span class='ocrx_word' id='word_1_97' title='bbox 1019 1983 1099 2031; x_wconf 90' lang='lat' dir='ltr'>vero</span> <span class='ocrx_word' id='word_1_98' title='bbox 1123 1966 1225 2031; x_wconf 93' lang='lat' dir='ltr'>etiam</span> 
     </span>
     <span class='ocr_line' id='line_1_15' title="bbox 186 2077 1225 2165; baseline -0.003 -19"><span class='ocrx_word' id='word_1_99' title='bbox 186 2079 463 2165; x_wconf 85' lang='lat' dir='ltr'>approbantibus,</span> <span class='ocrx_word' id='word_1_100' title='bbox 488 2082 525 2144; x_wconf 90' lang='lat' dir='ltr'>ut</span> <span class='ocrx_word' id='word_1_101' title='bbox 547 2079 698 2145; x_wconf 91' lang='lat' dir='ltr'>censoria</span> <span class='ocrx_word' id='word_1_102' title='bbox 722 2079 816 2144; x_wconf 89' lang='lat' dir='ltr'>notio</span> <span class='ocrx_word' id='word_1_103' title='bbox 837 2081 870 2144; x_wconf 89' lang='lat' dir='ltr'>et</span> <span class='ocrx_word' id='word_1_104' title='bbox 884 2078 1121 2163; x_wconf 87' lang='lat' dir='ltr'>gravissimum</span> <span class='ocrx_word' id='word_1_105' title='bbox 1138 2077 1225 2143; x_wconf 90' lang='lat' dir='ltr'>iudi-</span> 
     </span>
     <span class='ocr_line' id='line_1_16' title="bbox 186 2189 1226 2276; baseline -0.003 -18"><span class='ocrx_word' id='word_1_106' title='bbox 186 2193 274 2259; x_wconf 92' lang='lat' dir='ltr'>cium</span> <span class='ocrx_word' id='word_1_107' title='bbox 300 2192 500 2258; x_wconf 88' lang='lat' dir='ltr'>sanctissimi</span> <span class='ocrx_word' id='word_1_108' title='bbox 525 2192 740 2276; x_wconf 85' lang='lat' dir='ltr'>magistratus</span> <span class='ocrx_word' id='word_1_109' title='bbox 764 2191 806 2257; x_wconf 91' lang='lat' dir='ltr'>de</span> <span class='ocrx_word' id='word_1_110' title='bbox 830 2210 863 2257; x_wconf 91' lang='lat' dir='ltr'>re</span> <span class='ocrx_word' id='word_1_111' title='bbox 887 2191 1022 2276; x_wconf 92' lang='lat' dir='ltr'>publica</span> <span class='ocrx_word' id='word_1_112' title='bbox 1045 2189 1226 2270; x_wconf 90' lang='lat' dir='ltr'>tolleretur,</span> 
     </span>
    </p>

    <p class='ocr_par' dir='ltr' id='par_1_4' title="bbox 67 2278 1230 3271">
     <span class='ocr_line' id='line_1_17' title="bbox 67 2278 1228 2390; baseline -0.002 -20"><span class='ocrx_word' id='word_1_113' title='bbox 67 2278 75 2300; x_wconf 62' lang='lat'><em>⁶</em></span> <span class='ocrx_word' id='word_1_114' title='bbox 187 2308 223 2370; x_wconf 93' lang='lat' dir='ltr'>ut</span> <span class='ocrx_word' id='word_1_115' title='bbox 245 2305 387 2390; x_wconf 88' lang='lat' dir='ltr'>collegia</span> <span class='ocrx_word' id='word_1_116' title='bbox 411 2323 480 2370; x_wconf 90' lang='lat' dir='ltr'>non</span> <span class='ocrx_word' id='word_1_117' title='bbox 504 2304 609 2370; x_wconf 92' lang='lat' dir='ltr'>modo</span> <span class='ocrx_word' id='word_1_118' title='bbox 633 2303 688 2369; x_wconf 90' lang='lat' dir='ltr'>illa</span> <span class='ocrx_word' id='word_1_119' title='bbox 711 2307 823 2370; x_wconf 88' lang='lat' dir='ltr'>vetera</span> <span class='ocrx_word' id='word_1_120' title='bbox 847 2307 960 2370; x_wconf 91' lang='lat' dir='ltr'>contra</span> <span class='ocrx_word' id='word_1_121' title='bbox 986 2306 1123 2370; x_wconf 89' lang='lat' dir='ltr'>senatus</span> <span class='ocrx_word' id='word_1_122' title='bbox 1147 2321 1228 2370; x_wconf 89' lang='lat' dir='ltr'>con-</span> 
     </span>
     <span class='ocr_line' id='line_1_18' title="bbox 187 2415 1228 2500; baseline -0.003 -17"><span class='ocrx_word' id='word_1_123' title='bbox 187 2417 311 2483; x_wconf 90' lang='lat' dir='ltr'>sultum</span> <span class='ocrx_word' id='word_1_124' title='bbox 346 2418 605 2494; x_wconf 89' lang='lat' dir='ltr'>restituerentur,</span> <span class='ocrx_word' id='word_1_125' title='bbox 641 2415 701 2481; x_wconf 91' lang='lat' dir='ltr'>sed</span> <span class='ocrx_word' id='word_1_126' title='bbox 736 2415 779 2480; x_wconf 89' lang='lat' dir='ltr'>ab</span> <span class='ocrx_word' id='word_1_127' title='bbox 814 2434 882 2481; x_wconf 92' lang='lat' dir='ltr'>uno</span> <span class='ocrx_word' id='word_1_128' title='bbox 911 2415 1096 2500; x_wconf 84' lang='lat' dir='ltr'>gladiatore</span> <span class='ocrx_word' id='word_1_129' title='bbox 1127 2416 1228 2480; x_wconf 91' lang='lat' dir='ltr'>innu-</span> 
     </span>
     <span class='ocr_line' id='line_1_19' title="bbox 187 2527 1226 2607; baseline -0.003 -12"><span class='ocrx_word' id='word_1_130' title='bbox 187 2529 358 2595; x_wconf 91' lang='lat' dir='ltr'>merabilia</span> <span class='ocrx_word' id='word_1_131' title='bbox 382 2529 446 2594; x_wconf 91' lang='lat' dir='ltr'>alia</span> <span class='ocrx_word' id='word_1_132' title='bbox 471 2547 558 2594; x_wconf 89' lang='lat' dir='ltr'>nova</span> <span class='ocrx_word' id='word_1_133' title='bbox 582 2528 878 2607; x_wconf 87' lang='lat' dir='ltr'>conscriberentur,</span> <span class='ocrx_word' id='word_1_134' title='bbox 902 2530 939 2592; x_wconf 93' lang='lat' dir='ltr'>ut</span> <span class='ocrx_word' id='word_1_135' title='bbox 961 2528 1111 2594; x_wconf 91' lang='lat' dir='ltr'>remissis</span> <span class='ocrx_word' id='word_1_136' title='bbox 1133 2527 1226 2593; x_wconf 88' lang='lat' dir='ltr'>senis</span> 
     </span>
     <span class='ocr_line' id='line_1_20' title="bbox 187 2640 1222 2726; baseline -0.004 -18"><span class='ocrx_word' id='word_1_137' title='bbox 187 2645 220 2709; x_wconf 90' lang='lat' dir='ltr'>et</span> <span class='ocrx_word' id='word_1_138' title='bbox 242 2641 418 2707; x_wconf 90' lang='lat' dir='ltr'>trientibus</span> <span class='ocrx_word' id='word_1_139' title='bbox 442 2641 558 2726; x_wconf 91' lang='lat' dir='ltr'>quinta</span> <span class='ocrx_word' id='word_1_140' title='bbox 582 2659 688 2726; x_wconf 94' lang='lat' dir='ltr'>prope</span> <span class='ocrx_word' id='word_1_141' title='bbox 712 2659 788 2726; x_wconf 91' lang='lat' dir='ltr'>pars</span> <span class='ocrx_word' id='word_1_142' title='bbox 811 2640 1026 2726; x_wconf 90' lang='lat' dir='ltr'>vectigalium</span> <span class='ocrx_word' id='word_1_143' title='bbox 1042 2640 1222 2719; x_wconf 90' lang='lat' dir='ltr'>tolleretur,</span> 
     </span>
     <span class='ocr_line' id='line_1_21' title="bbox 188 2751 1224 2838; baseline -0.002 -19"><span class='ocrx_word' id='word_1_144' title='bbox 188 2757 225 2819; x_wconf 93' lang='lat' dir='ltr'>ut</span> <span class='ocrx_word' id='word_1_145' title='bbox 253 2752 400 2821; x_wconf 85' lang='lat' dir='ltr'>Gabinio</span> <span class='ocrx_word' id='word_1_146' title='bbox 436 2771 496 2838; x_wconf 94' lang='lat' dir='ltr'>pro</span> <span class='ocrx_word' id='word_1_147' title='bbox 526 2753 581 2819; x_wconf 87' lang='lat' dir='ltr'>illa</span> <span class='ocrx_word' id='word_1_148' title='bbox 611 2772 672 2819; x_wconf 91' lang='lat' dir='ltr'>sua</span> <span class='ocrx_word' id='word_1_149' title='bbox 698 2753 824 2832; x_wconf 89' lang='lat' dir='ltr'>Cilicia,</span> <span class='ocrx_word' id='word_1_150' title='bbox 854 2771 955 2837; x_wconf 92' lang='lat' dir='ltr'>quam</span> <span class='ocrx_word' id='word_1_151' title='bbox 987 2751 1062 2831; x_wconf 92' lang='lat' dir='ltr'>sibi,</span> <span class='ocrx_word' id='word_1_152' title='bbox 1097 2751 1125 2817; x_wconf 95' lang='lat' dir='ltr'>si</span> <span class='ocrx_word' id='word_1_153' title='bbox 1155 2770 1224 2817; x_wconf 89' lang='lat' dir='ltr'>rem</span> 
     </span>
     <span class='ocr_line' id='line_1_22' title="bbox 188 2863 1230 2950; baseline -0.002 -20"><span class='ocrx_word' id='word_1_154' title='bbox 188 2865 357 2950; x_wconf 90' lang='lat' dir='ltr'>publicam</span> <span class='ocrx_word' id='word_1_155' title='bbox 392 2865 606 2950; x_wconf 92' lang='lat' dir='ltr'>prodidisset,</span> <span class='ocrx_word' id='word_1_156' title='bbox 641 2868 759 2950; x_wconf 90' lang='lat' dir='ltr'>pactus</span> <span class='ocrx_word' id='word_1_157' title='bbox 794 2867 872 2942; x_wconf 92' lang='lat' dir='ltr'>erat,</span> <span class='ocrx_word' id='word_1_158' title='bbox 908 2863 1002 2950; x_wconf 91' lang='lat' dir='ltr'>Syria</span> <span class='ocrx_word' id='word_1_159' title='bbox 1034 2863 1167 2929; x_wconf 90' lang='lat' dir='ltr'>daretur</span> <span class='ocrx_word' id='word_1_160' title='bbox 1195 2865 1230 2929; x_wconf 91' lang='lat' dir='ltr'>et</span> 
     </span>
     <span class='ocr_line' id='line_1_23' title="bbox 189 2979 1225 3062; baseline -0.002 -17"><span class='ocrx_word' id='word_1_161' title='bbox 189 2980 245 3045; x_wconf 92' lang='lat' dir='ltr'>uni</span> <span class='ocrx_word' id='word_1_162' title='bbox 276 2979 425 3046; x_wconf 90' lang='lat' dir='ltr'>helluoni</span> <span class='ocrx_word' id='word_1_163' title='bbox 460 2980 512 3046; x_wconf 94' lang='lat' dir='ltr'>bis</span> <span class='ocrx_word' id='word_1_164' title='bbox 541 2980 583 3046; x_wconf 91' lang='lat' dir='ltr'>de</span> <span class='ocrx_word' id='word_1_165' title='bbox 612 2980 730 3046; x_wconf 90' lang='lat' dir='ltr'>eadem</span> <span class='ocrx_word' id='word_1_166' title='bbox 759 2999 793 3046; x_wconf 91' lang='lat' dir='ltr'>re</span> <span class='ocrx_word' id='word_1_167' title='bbox 821 2979 1029 3045; x_wconf 91' lang='lat' dir='ltr'>deliberandi</span> <span class='ocrx_word' id='word_1_168' title='bbox 1054 2981 1087 3044; x_wconf 91' lang='lat' dir='ltr'>et</span> <span class='ocrx_word' id='word_1_169' title='bbox 1108 2979 1225 3062; x_wconf 87' lang='lat' dir='ltr'>rogata</span> 
     </span>
     <span class='ocr_line' id='line_1_24' title="bbox 188 3091 1226 3178; baseline -0.001 -21"><span class='ocrx_word' id='word_1_170' title='bbox 188 3092 263 3176; x_wconf 93' lang='lat' dir='ltr'>lege</span> <span class='ocrx_word' id='word_1_171' title='bbox 287 3095 437 3177; x_wconf 90' lang='lat' dir='ltr'>potestas</span> <span class='ocrx_word' id='word_1_172' title='bbox 461 3111 520 3177; x_wconf 94' lang='lat' dir='ltr'>per</span> <span class='ocrx_word' id='word_1_173' title='bbox 544 3112 666 3160; x_wconf 92' lang='lat' dir='ltr'>novam</span> <span class='ocrx_word' id='word_1_174' title='bbox 687 3093 798 3178; x_wconf 88' lang='lat' dir='ltr'>legem</span> <span class='ocrx_word' id='word_1_175' title='bbox 815 3092 910 3158; x_wconf 87' lang='lat' dir='ltr'>lieret</span> <span class='ocrx_word' id='word_1_176' title='bbox 926 3091 1118 3176; x_wconf 87' lang='lat' dir='ltr'>provinciae</span> <span class='ocrx_word' id='word_1_177' title='bbox 1134 3109 1226 3157; x_wconf 92' lang='lat' dir='ltr'>com-</span> 
     </span>
     <span class='ocr_line' id='line_1_25' title="bbox 189 3205 381 3271; baseline -0.01 0"><span class='ocrx_word' id='word_1_178' title='bbox 189 3205 381 3271; x_wconf 89' lang='lat' dir='ltr'>mutandae.</span> 
     </span>
    </p>

    <p class='ocr_par' dir='ltr' id='par_1_5' title="bbox 135 3316 1231 4076">
     <span class='ocr_line' id='line_1_26' title="bbox 135 3316 1226 3405; baseline -0.003 -22"><span class='ocrx_word' id='word_1_179' title='bbox 135 3325 172 3405; x_wconf 98' lang='grc'>56</span> <span class='ocrx_word' id='word_1_180' title='bbox 275 3318 373 3383; x_wconf 86' lang='lat' dir='ltr'>Mitto</span> <span class='ocrx_word' id='word_1_181' title='bbox 403 3336 477 3383; x_wconf 91' lang='lat' dir='ltr'>eam</span> <span class='ocrx_word' id='word_1_182' title='bbox 505 3317 627 3403; x_wconf 87' lang='lat' dir='ltr'>legem,</span> <span class='ocrx_word' id='word_1_183' title='bbox 662 3335 749 3402; x_wconf 91' lang='lat' dir='ltr'>quae</span> <span class='ocrx_word' id='word_1_184' title='bbox 779 3317 893 3383; x_wconf 90' lang='lat' dir='ltr'>omnia</span> <span class='ocrx_word' id='word_1_185' title='bbox 917 3317 988 3382; x_wconf 90' lang='lat' dir='ltr'>iura</span> <span class='ocrx_word' id='word_1_186' title='bbox 1012 3316 1226 3400; x_wconf 90' lang='lat' dir='ltr'>religionum,</span> 
     </span>
     <span class='ocr_line' id='line_1_27' title="bbox 187 3425 1226 3515; baseline -0.004 -19"><span class='ocrx_word' id='word_1_187' title='bbox 187 3429 425 3515; x_wconf 88' lang='lat' dir='ltr'>auspiciorum,</span> <span class='ocrx_word' id='word_1_188' title='bbox 450 3432 666 3515; x_wconf 90' lang='lat' dir='ltr'>potestatum,</span> <span class='ocrx_word' id='word_1_189' title='bbox 690 3446 810 3495; x_wconf 91' lang='lat' dir='ltr'>omnes</span> <span class='ocrx_word' id='word_1_190' title='bbox 833 3430 937 3513; x_wconf 90' lang='lat' dir='ltr'>leges,</span> <span class='ocrx_word' id='word_1_191' title='bbox 969 3444 1057 3512; x_wconf 91' lang='lat' dir='ltr'>quae</span> <span class='ocrx_word' id='word_1_192' title='bbox 1081 3429 1160 3492; x_wconf 90' lang='lat' dir='ltr'>sunt</span> <span class='ocrx_word' id='word_1_193' title='bbox 1182 3425 1226 3491; x_wconf 88' lang='lat' dir='ltr'>de</span> 
     </span>
     <span class='ocr_line' id='line_1_28' title="bbox 187 3539 1223 3626; baseline -0.003 -20"><span class='ocrx_word' id='word_1_194' title='bbox 187 3542 258 3607; x_wconf 92' lang='lat' dir='ltr'>iure</span> <span class='ocrx_word' id='word_1_195' title='bbox 281 3544 314 3607; x_wconf 93' lang='lat' dir='ltr'>et</span> <span class='ocrx_word' id='word_1_196' title='bbox 336 3541 378 3607; x_wconf 91' lang='lat' dir='ltr'>de</span> <span class='ocrx_word' id='word_1_197' title='bbox 401 3544 554 3626; x_wconf 89' lang='lat' dir='ltr'>ternpore</span> <span class='ocrx_word' id='word_1_198' title='bbox 569 3541 684 3626; x_wconf 89' lang='lat' dir='ltr'>legum</span> <span class='ocrx_word' id='word_1_199' title='bbox 701 3539 937 3625; x_wconf 89' lang='lat' dir='ltr'>rogandarum,</span> <span class='ocrx_word' id='word_1_200' title='bbox 962 3557 1029 3605; x_wconf 91' lang='lat' dir='ltr'>una</span> <span class='ocrx_word' id='word_1_201' title='bbox 1046 3539 1223 3623; x_wconf 91' lang='lat' dir='ltr'>rogatione</span> 
     </span>
     <span class='ocr_line' id='line_1_29' title="bbox 189 3651 1226 3732; baseline -0.005 -12"><span class='ocrx_word' id='word_1_202' title='bbox 189 3653 321 3732; x_wconf 91' lang='lat' dir='ltr'>delevit,</span> <span class='ocrx_word' id='word_1_203' title='bbox 352 3655 449 3720; x_wconf 90' lang='lat' dir='ltr'>mitto</span> <span class='ocrx_word' id='word_1_204' title='bbox 472 3672 609 3720; x_wconf 91' lang='lat' dir='ltr'>omnem</span> <span class='ocrx_word' id='word_1_205' title='bbox 633 3653 853 3719; x_wconf 91' lang='lat' dir='ltr'>domesticam</span> <span class='ocrx_word' id='word_1_206' title='bbox 877 3651 1005 3718; x_wconf 90' lang='lat' dir='ltr'>labem:</span> <span class='ocrx_word' id='word_1_207' title='bbox 1034 3652 1134 3717; x_wconf 90' lang='lat' dir='ltr'>etiam</span> <span class='ocrx_word' id='word_1_208' title='bbox 1159 3668 1226 3715; x_wconf 89' lang='lat' dir='ltr'>ex-</span> 
     </span>
     <span class='ocr_line' id='line_1_30' title="bbox 188 3761 1231 3848; baseline -0.006 -16"><span class='ocrx_word' id='word_1_209' title='bbox 188 3769 291 3833; x_wconf 89' lang='lat' dir='ltr'>teras</span> <span class='ocrx_word' id='word_1_210' title='bbox 316 3767 503 3832; x_wconf 90' lang='lat' dir='ltr'>nationes</span> <span class='ocrx_word' id='word_1_211' title='bbox 527 3765 616 3832; x_wconf 91' lang='lat' dir='ltr'>illius</span> <span class='ocrx_word' id='word_1_212' title='bbox 640 3767 718 3831; x_wconf 90' lang='lat' dir='ltr'>anni</span> <span class='ocrx_word' id='word_1_213' title='bbox 741 3766 851 3831; x_wconf 87' lang='lat' dir='ltr'>lurore</span> <span class='ocrx_word' id='word_1_214' title='bbox 874 3765 1118 3848; x_wconf 88' lang='lat' dir='ltr'>conquassatas</span> <span class='ocrx_word' id='word_1_215' title='bbox 1134 3761 1231 3828; x_wconf 90' lang='lat' dir='ltr'>vide-</span> 
     </span>
     <span class='ocr_line' id='line_1_31' title="bbox 188 3875 1225 3962; baseline -0.004 -19"><span class='ocrx_word' id='word_1_216' title='bbox 188 3878 318 3945; x_wconf 88' lang='lat' dir='ltr'>bamus.</span> <span class='ocrx_word' id='word_1_217' title='bbox 365 3879 454 3962; x_wconf 88' lang='lat' dir='ltr'>Lege</span> <span class='ocrx_word' id='word_1_218' title='bbox 481 3877 656 3943; x_wconf 93' lang='lat' dir='ltr'>tribunicia</span> <span class='ocrx_word' id='word_1_219' title='bbox 679 3877 795 3943; x_wconf 87' lang='lat' dir='ltr'>Matris</span> <span class='ocrx_word' id='word_1_220' title='bbox 818 3877 966 3961; x_wconf 88' lang='lat' dir='ltr'>Magnae</span> <span class='ocrx_word' id='word_1_221' title='bbox 989 3875 1225 3941; x_wconf 87' lang='lat' dir='ltr'>Pessinuntius</span> 
     </span>
     <span class='ocr_line' id='line_1_32' title="bbox 187 3986 1227 4076; baseline -0.004 -21"><span class='ocrx_word' id='word_1_222' title='bbox 187 3989 243 4057; x_wconf 92' lang='lat' dir='ltr'>ille</span> <span class='ocrx_word' id='word_1_223' title='bbox 277 3989 435 4058; x_wconf 92' lang='lat' dir='ltr'>sacerdos</span> <span class='ocrx_word' id='word_1_224' title='bbox 464 3989 625 4076; x_wconf 85' lang='lat' dir='ltr'>expulsus</span> <span class='ocrx_word' id='word_1_225' title='bbox 649 3991 682 4055; x_wconf 90' lang='lat' dir='ltr'>et</span> <span class='ocrx_word' id='word_1_226' title='bbox 705 3990 870 4074; x_wconf 89' lang='lat' dir='ltr'>spoliatus</span> <span class='ocrx_word' id='word_1_227' title='bbox 893 3987 1082 4054; x_wconf 91' lang='lat' dir='ltr'>sacerdotio</span> <span class='ocrx_word' id='word_1_228' title='bbox 1106 3989 1157 4053; x_wconf 91' lang='lat' dir='ltr'>est</span> <span class='ocrx_word' id='word_1_229' title='bbox 1180 3986 1227 4052; x_wconf 88' lang='lat' dir='ltr'>la-</span> 
     </span>
    </p>
   </div>
   <div class='ocr_carea' id='block_1_4' title="bbox 0 0 1336 4446">
    <p class='ocr_par' dir='ltr' id='par_1_6' title="bbox 0 0 1336 4446">
     <span class='ocr_line' id='line_1_33' title="bbox 0 0 1336 4446; baseline 0 0"><span class='ocrx_word' id='word_1_230' title='bbox 0 0 1336 4446; x_wconf 95' lang='lat' dir='ltr'> </span> 
     </span>
    </p>
   </div>
  </div>
 </body>
</html>
