2648 4446
194 314 236 381 34
422 311 492 373 nro
510 310 539 365 Ρ.
558 310 679 366 sssno
698 309 831 371 onuno
849 310 868 379 u
885 309 997 365 ‹rr-m

194 520 317 588 passus
339 501 395 567 ille
410 501 468 580 vir,
492 501 550 586 qui
567 500 843 568 sceleratissimos
859 501 951 580 civis,
975 501 1034 586 qui
1050 502 1230 570 acerrimos

193 616 319 693 hostes,
350 613 408 698 qui
432 613 595 679 maximas
619 613 784 692 nationes,
809 613 867 698 qui
891 631 998 698 reges,
1027 613 1086 698 qui
1109 616 1229 699 gentes

192 727 279 793 feras
294 728 396 811 atque
407 724 586 804 inauditas,
603 725 661 810 qui
675 724 884 810 praedonum
898 725 1062 790 infinitam
1076 744 1227 806 manum,

193 839 252 924 qui
280 838 380 904 etiarn
411 837 542 904 servitia
570 837 691 903 virtute
713 837 919 922 victoriaque
943 837 1141 916 domuisset,
1170 839 1229 924 qui

194 949 352 1017 omnibus
386 949 484 1016 bellis
518 951 601 1015 terra
636 949 787 1034 marique
817 950 1020 1035 compressis
1050 951 1229 1035 imperium

193 1062 311 1148 populi
335 1061 477 1135 Romani
501 1061 592 1129 orbis
608 1063 766 1127 terrarum
783 1062 933 1127 terminis
950 1061 1134 1142 definisset,
1159 1080 1228 1130 rem

192 1174 362 1260 publicam
396 1174 497 1240 everti
532 1173 655 1240 scelere
690 1191 885 1259 paucorum,
920 1192 1022 1259 quam
1057 1174 1130 1260 ipse
1159 1193 1228 1242 non

192 1287 302 1355 solum
337 1286 496 1365 consiliis,
532 1285 721 1352 sedetiam
751 1287 917 1371 sanguine
947 1305 1010 1353 suo
1034 1305 1137 1372 saepe
1161 1305 1227 1354 ser·

191 1402 317 1478 vasset;
333 1400 473 1466 accessit
488 1399 532 1465 ad
547 1417 683 1466 causam
701 1399 881 1485 publicam,
898 1400 1016 1466 restitit
1031 1401 1226 1467 auctoritate

191 1531 252 1578 sua
283 1511 420 1597 reliquis
449 1511 559 1591 rebus,
595 1514 736 1597 questus
765 1514 816 1578 est
845 1511 887 1578 de
918 1513 1116 1597 praeteritis:
1151 1515 1229 1577 fior-i

190 1628 338 1709 quaedum
360 1627 402 1688 nd
422 1628 578 1690 moliorem
601 1647 686 1708 spem
710 1627 866 1691 inclinabo
889 1626 961 1691 visa
984 1627 1044 1691 est.

137 1803 172 1858 68
275 1795 430 1863 Decrevit
450 1799 586 1862 senatus
602 1797 760 1883 frequens
777 1797 819 1863 de
835 1815 912 1864 meo
930 1796 1036 1863 reditu
1053 1797 1223 1870 Kalendis

190 1907 299 1974 lunlls
323 1907 541 1974 dissentiente
565 1908 658 1975 nullo
682 1909 842 1975 referente
866 1910 899 1975 L.
916 1909 1053 1988 Ninnio,
1077 1910 1173 1976 cuius
1189 1909 1224 1975 in

190 2037 264 2085 mea
280 2037 381 2085 causa
398 2038 583 2105 numquam
599 2019 686 2086 fides
698 2020 871 2105 virtusque
882 2021 1091 2087 contremuit.
1122 2021 1223 2087 Inter·

188 2131 289 2197 cessit
303 2132 406 2217 Ligus
423 2132 485 2198 iste
502 2133 616 2199 nescio
634 2133 701 2217 qui,
725 2132 1220 2200 additamentum'inimicorum

189 2262 350 2311 meorum.
397 2244 462 2318 Res
497 2247 566 2311 erat
593 2248 626 2311 et
653 2264 754 2312 causa
783 2249 895 2312 nostra
924 2264 965 2312 eo
989 2246 1055 2312 iarn
1079 2246 1154 2325 loci,
1189 2249 1226 2312 ut

185 2357 311 2442 erigere
334 2356 451 2424 oculos
475 2359 508 2423 et
530 2358 640 2424 vivere
660 2356 836 2424 videretur.
876 2357 1041 2442 Quisquis
1058 2360 1136 2438 erat,
1160 2358 1218 2444 qui

185 2467 331 2553 aliquam
366 2470 493 2554 partem
523 2470 556 2534 in
585 2487 662 2536 meo
691 2469 782 2535 luctu
810 2469 943 2536 sceleris
968 2469 1123 2537 Clodiani
1147 2470 1221 2536 atfi-

184 2580 299 2664 gisset,
334 2598 551 2666 quocumque
581 2583 726 2660 venerat,
761 2581 854 2666 quod
883 2581 1042 2648 iudicium
1074 2600 1220 2669 cumque

185 2691 342 2771 subierat,
366 2692 601 2771 damnabatur;
624 2693 857 2760 inveniebatur
879 2713 991 2773 nemo,
1015 2695 1072 2781 qui
1094 2712 1130 2760 se
1147 2693 1215 2761 suf·

184 2803 326 2889 fragium
362 2804 403 2871 de
438 2823 492 2870 me
526 2804 643 2870 tulisse
677 2805 898 2872 confiteretur.
948 2806 1145 2872 Decesserat
1173 2824 1215 2872 ex

184 2915 263 2983 Asia
296 2918 393 2983 frater
420 2936 516 2983 meus
545 2936 671 3002 magno
699 2917 865 3002 squalore,
901 2918 961 2984 sed
986 2917 1092 2984 multo
1115 2919 1216 2984 etiam

185 3029 310 3095 maiore
334 3047 492 3096 maerore.
525 3029 612 3095 Huic
635 3029 677 3095 ad
699 3029 815 3095 urbem
832 3030 978 3096 venienti
995 3032 1065 3097 tota
1081 3029 1217 3096 obviam

183 3141 298 3207 civitas
314 3158 389 3206 cum
407 3140 549 3207 lacrimis
566 3141 763 3226 gemituque
780 3144 1001 3225 processerat;
1016 3141 1218 3226 loquebatur

182 3252 318 3318 liberius
347 3255 494 3332 senatus,
522 3254 763 3319 concurrebant
786 3253 916 3338 equites
940 3253 1097 3332 Romani;
1131 3253 1211 3320 Piso

184 3364 248 3444 ille,
282 3383 386 3450 gener
409 3382 515 3443 meus,
540 3365 592 3430 cui
615 3365 757 3431 fructum
782 3366 914 3451 pietatis
938 3384 1019 3431 suae
1043 3383 1155 3451 neque
1178 3384 1219 3432 ex

184 3495 237 3542 me
261 3495 372 3562 neque
395 3496 414 3543 a
438 3476 566 3562 populo
590 3476 743 3550 Romano
764 3477 846 3543 ferre
862 3477 963 3556 licuit,
987 3477 1216 3563 apropinquo

183 3607 246 3655 suo
263 3608 415 3656 socerum
432 3607 532 3655 suum
548 3589 723 3674 flagitabat
730 3611 738 3668 ;
762 3590 876 3656 omnia
893 3592 1030 3656 senatus
1046 3589 1215 3669 reiciebat,

183 3701 246 3767 nisi
270 3701 312 3767 de
337 3720 390 3767 me
414 3703 559 3787 primum
585 3701 744 3769 consules
768 3703 982 3768 rettulissent.

131 3881 166 3936 69
269 3873 367 3955 Quae
401 3893 477 3941 curn
510 3893 562 3941 res
592 3875 658 3940 iam
687 3875 844 3941 manibus
871 3877 1047 3953 teneretur,
1082 3877 1220 3941 etcum

181 3985 339 4052 consules
354 3986 599 4071 provinciarum
616 3986 772 4071 pactione
789 3987 975 4052 libertatem
992 4004 1128 4053 omnem
1145 4004 1219 4071 per-
