2648 4446
133 275 137 284 '
171 282 191 348 8
403 281 474 343 PRO
492 281 521 336 P.
541 282 660 338 SESTIO
680 283 813 345 ORATIO
832 285 850 353 §
871 284 979 340 15-17.

172 473 350 540 reficienda
374 473 481 539 salute
504 473 676 539 communi
701 474 814 540 omnia
838 475 1043 559 reperientur
1065 476 1101 542 P.
1124 476 1216 544 Sesti

171 584 267 664 facta,
292 585 389 666 dicta,
413 585 553 651 consilia
577 588 717 651 versata.

261 808 382 875 Fuerat
405 810 459 876 ille
484 828 593 876 annus
617 811 682 875 iam
700 810 734 876 in
751 829 785 876 re
802 812 945 896 publica,
971 813 1109 893 iudices,
1134 833 1215 880 cum

172 921 206 988 in
231 923 476 1008 magnossmotu
500 926 533 990 et
548 923 729 990 multorum
745 926 865 992 timore
882 926 1030 994 intentus
1046 929 1097 993 est
1113 946 1218 994 arcus

172 1035 205 1100 in
235 1054 288 1100 me
320 1053 435 1115 unum,
464 1036 550 1101 sicut
576 1036 680 1121 vulgo
708 1037 814 1121 ignari
841 1056 950 1103 rerum
975 1038 1215 1123 loquebantur,

172 1165 206 1214 re
229 1148 367 1232 quidem
391 1167 469 1214 vera
485 1149 519 1213 in
536 1149 726 1215 universam
743 1168 812 1216 rem
829 1151 999 1236 publicam
1018 1155 1218 1218 traductione

172 1263 214 1322 ad
230 1262 350 1342 plebem
372 1259 543 1326 furibundi
567 1261 715 1326 hominis
735 1281 774 1328 ac
790 1262 918 1347 perditi,
944 1264 1025 1328 mihi
1042 1264 1124 1343 irati,
1152 1265 1216 1330 sed

173 1372 279 1438 multo
303 1372 410 1438 acrius
434 1372 492 1438 otii
517 1375 549 1438 et
571 1374 763 1440 communis
786 1374 903 1441 salutis
927 1376 1063 1442 inimici.
1111 1377 1218 1443 Hunc

171 1484 220 1550 vir
253 1485 458 1550 clarissimus
493 1486 643 1570 mihique
678 1486 791 1552 multis
826 1489 1093 1573 repugnantibus
1132 1490 1217 1555 ami-

172 1597 339 1676 cissimus,
368 1596 430 1663 Cn.
454 1596 649 1682 Pompeius,
674 1599 767 1664 omni
791 1599 956 1679 cautione,
979 1599 1126 1680 foedere,
1160 1619 1216 1666 ex·

172 1709 357 1774 sectatione
381 1708 574 1774 devinxerat
598 1709 679 1775 nihil
697 1711 730 1775 in
746 1711 917 1777 tribunatu
934 1716 1047 1779 contra
1064 1731 1119 1778 me
1139 1731 1218 1778 esse

171 1820 345 1886 facturum.
397 1819 500 1901 Quod
535 1821 590 1886 ille
622 1822 767 1888 nefarius
796 1841 837 1887 ex
864 1824 1017 1889 omnium
1047 1824 1215 1889 scelerum

172 1932 363 1999 colluvione
381 1935 479 1998 natus
496 1952 613 2018 parum
631 1952 667 1998 se
683 1934 805 1999 foedus
821 1934 1021 2000 violaturum
1035 1935 1219 2002 arbitratus

172 2047 232 2124 est,
263 2045 326 2110 nisi
356 2046 468 2130 ipsum
492 2049 662 2112 cautorem
687 2046 787 2112 alieni
811 2047 948 2132 periculi
972 2048 1043 2113 suis
1068 2050 1215 2133 propriis

123 2165 155 2220 16
173 2158 329 2242 periculis
341 2158 520 2223 terruisset.
539 2158 635 2224 Hanc
646 2161 785 2228 taetram
799 2160 1050 2245 immanemque
1064 2161 1212 2241 beluam,

172 2271 317 2337 vinctam
332 2272 501 2356 auspiciis,
518 2271 689 2357 alligatam
703 2291 795 2339 more
809 2274 984 2353 maiorum,
997 2275 1212 2340 constrictam

173 2382 287 2467 legum
316 2387 517 2450 sacratarum
545 2385 682 2463 catenis,
712 2385 812 2451 solvit
839 2383 952 2451 subito
982 2385 1057 2469 lege
1086 2387 1212 2451 curiata

173 2496 291 2561 consul
315 2496 379 2575 vel,
403 2499 439 2561 ut
462 2515 528 2581 ego
552 2485 700 2575 arbitror,
725 2498 880 2562 exoratus
896 2497 960 2575 vel,
984 2499 1020 2561 ut
1036 2515 1211 2563 nonnemo

173 2607 322 2693 putabat,
339 2608 420 2672 mihi
435 2608 547 2687 iratus,
565 2609 701 2692 ignarus
715 2608 853 2692 quidem
867 2611 953 2674 certe
967 2612 1000 2674 et
1012 2609 1212 2694 imprudens

174 2720 441 2804 impendentium
470 2722 637 2786 tantorum
667 2721 829 2787 scelerum
858 2724 891 2787 et
921 2722 1095 2788 malorum.
1144 2722 1213 2802 Qui

172 2832 326 2898 tribunus
354 2832 398 2918 pl.
422 2832 501 2898 felix
529 2833 563 2898 in
592 2833 770 2899 evertenda
799 2852 833 2898 re
865 2834 998 2918 publica
1025 2834 1088 2899 fuit
1111 2834 1214 2900 nullis

174 2945 245 3011 suis
273 2946 383 3010 nervis
415 2944 486 3030 (qui
515 2946 604 3011 enim
633 2945 667 3011 in
696 2946 768 3012 eius
797 2946 890 3012 modi
917 2947 983 3012 vita
1018 2947 1109 3013 nervi
1138 2965 1213 3013 esse

175 3059 356 3142 potuerunt
383 3057 530 3124 hominis
559 3058 709 3123 fraternis
736 3058 883 3144 flagitiis,
913 3060 1049 3126 sororiis
1078 3061 1214 3145 stupris,

124 3178 156 3232 17
175 3170 267 3236 omni
297 3170 447 3236 inaudita
471 3169 610 3236 libidine
635 3170 865 3256 exsanguist),
893 3170 954 3236 sed
977 3170 1039 3237 fuit
1062 3171 1215 3256 profecto

175 3283 342 3368 quaedam
367 3282 422 3348 illa
443 3282 489 3348 rei
506 3283 660 3366 publicae
677 3282 808 3350 fortuna
824 3284 944 3363 fatalis,
969 3286 1005 3348 ut
1021 3283 1076 3349 ille
1093 3301 1214 3349 caecus

175 3399 276 3482 atque
300 3415 417 3462 amens
441 3395 594 3461 tribunus
619 3396 662 3482 pl.
688 3398 948 3463 nancisceretur:
973 3395 1054 3479 quid
1080 3395 1214 3460 dicam?

175 3509 354 3574 consules?
383 3509 504 3574 hocine
532 3510 569 3573 ut
596 3527 661 3593 ego
686 3510 823 3574 nomine
847 3505 1015 3592 appellem
1039 3523 1215 3571 eversores

176 3620 276 3684 buius
310 3621 455 3705 imperii,
491 3620 678 3705 proditores
711 3622 840 3686 vestrae
876 3617 1062 3702 dignitatis,
1098 3617 1216 3682 hostes

175 3731 342 3798 bonorum
372 3733 535 3811 omnium,
565 3733 622 3818 qui
650 3732 692 3800 ad
721 3730 904 3797 delendum
932 3732 1098 3807 senatum,
1131 3729 1215 3795 affli-

175 3844 325 3928 gendum
350 3848 539 3930 equestrem
560 3843 724 3922 ordinem,
748 3841 994 3928 exstinguenda
1010 3842 1124 3907 omnia
1144 3843 1215 3907 iura

176 3958 276 4041 atque
311 3956 461 4022 instituta
496 3956 661 4021 maiorum
696 3973 733 4021 se
761 3955 826 4021 illis
853 3954 1000 4020 fascibus
1028 3954 1215 4038 ceterisque
