2648 4446
178 308 220 375 26
406 306 476 368 PRO
495 305 524 361 P.
543 306 663 363 SESTIO
682 305 815 367 ORATIO
834 306 852 374 ἓ
869 305 982 362 50-52.

180 497 344 583 publicae.
391 495 495 576 Quod
519 497 547 562 si
571 496 759 563 immortale
782 498 949 576 retinetur,
973 497 1050 582 quis
1074 515 1144 564 non
1169 497 1220 562 in-

126 610 306 694 51tellegit
329 609 551 676 immortalem
576 610 662 676 hanc
684 610 851 677 civitatem
875 609 1042 676 futuram?
1063 648 1108 656 -
1129 609 1219 676 Nam

179 726 313 789 externa
337 720 424 788 bella
448 739 576 806 regum,
605 723 768 807 gentium,
796 723 971 789 nationum
996 722 1062 788 iam
1086 722 1220 806 pridem

179 837 223 902 ita
248 834 408 901 exstincta
431 837 519 912 sunt,
543 837 580 900 ut
603 835 770 919 praeclare
793 851 869 900 cum
887 835 927 901 iis
951 852 1104 919 agamus,
1129 852 1219 919 quos

182 950 319 1034 pacatos
354 965 429 1014 esse
464 947 639 1032 patiamur,
674 947 822 1032 denique
857 965 898 1012 ex
931 947 1051 1013 bellica
1080 947 1220 1014 victoria

181 1078 250 1126 non
284 1059 351 1126 iere
386 1077 592 1145 quemquam
629 1062 679 1126 est
714 1059 840 1126 invidia
870 1060 994 1125 civium
1022 1061 1220 1125 consecuta:

181 1171 376 1238 domesticis
411 1172 508 1238 malis
537 1174 569 1238 et
592 1172 770 1239 audacium
794 1172 917 1238 civium
941 1171 1091 1238 consiliis
1115 1189 1220 1257 saepe

181 1287 232 1351 est
247 1284 470 1351 resistendum
488 1303 674 1369 eorumque
691 1284 914 1369 periculorum
927 1285 1024 1350 estin
1037 1284 1220 1368 republica

181 1396 353 1463 retinenda
389 1397 570 1476 medicina;
605 1415 707 1482 quam
742 1415 895 1476 omnem,
930 1396 1073 1474 iudices,
1109 1396 1220 1482 perdi-

182 1509 327 1588 dissetis,
362 1511 390 1575 si
419 1527 497 1576 meo
525 1511 658 1576 interitu
687 1509 818 1576 senatui
842 1509 1041 1594 populoque
1064 1509 1221 1582 Romano

182 1622 308 1689 doloris
339 1623 390 1689 sui
420 1622 462 1688 de
490 1641 544 1688 me
572 1622 763 1689 declarandi
793 1624 944 1706 potestas
972 1624 1062 1688 esset
1095 1624 1220 1706 erepta.

182 1734 295 1815 Quare
319 1752 439 1800 moneo
462 1753 535 1813 vos,
566 1734 811 1816 adulescentes,
835 1737 938 1819 atque
961 1734 1025 1800 hoc
1048 1751 1125 1800 meo
1149 1734 1228 1810 iure¹

183 1847 364 1932 praecipio,
400 1847 458 1931 qui
492 1846 706 1932 dignitatem,
745 1848 802 1932 qui
838 1865 907 1912 rem
942 1845 1126 1931 publicam,
1163 1847 1221 1931 qui

184 1959 325 2044 gloriam
343 1960 517 2044 spectatis:
539 1978 592 2038 ne,
609 1960 637 2026 si
654 1978 742 2044 quae
758 1977 820 2026 vos
837 1959 1021 2044 aliquando
1038 1959 1221 2026 necessitas

183 2072 225 2138 ad
249 2089 318 2138 rem
343 2072 513 2157 publicam
537 2075 651 2139 contra
674 2073 849 2157 improbos
866 2072 956 2138 cives
972 2071 1220 2138 defendendam

182 2185 326 2264 vocabit,
357 2185 531 2270 segniores
559 2185 631 2251 sitis
662 2187 695 2251 et
722 2184 952 2252 recordatione
982 2184 1049 2250 mei
1076 2202 1175 2251 casus
1203 2203 1222 2251 a

131 2306 165 2363 52
183 2298 333 2365 consiliis
367 2298 508 2364 fortibus
543 2298 724 2383 refugietis.
775 2297 923 2362 Primum
959 2315 1028 2363 non
1059 2299 1108 2363 est
1137 2297 1222 2381 peri·

184 2410 307 2490 culum,
333 2429 374 2476 ne
391 2412 467 2494 quis
484 2428 646 2495 umquam
664 2409 788 2476 incidat
804 2411 838 2474 in
855 2410 927 2476 eius
944 2409 1038 2476 modi
1053 2409 1222 2488 consules,

185 2523 379 2608 praesertim
409 2522 436 2588 si
468 2522 528 2588 erit
554 2523 595 2588 iis
619 2522 663 2597 id,
699 2521 792 2607 quod
817 2521 966 2598 debetur,
1002 2519 1222 2605 persolutum.

185 2635 318 2702 Deinde
342 2653 529 2719 numquam
552 2635 630 2714 iam,
654 2638 690 2701 ut
713 2652 823 2720 spem,
848 2635 1029 2720 quisquam
1047 2633 1224 2718 improbus

187 2748 329 2814 consilio
354 2750 386 2814 et
409 2747 533 2813 auxilio
557 2747 725 2814 bonorum
751 2766 788 2813 se
811 2765 1010 2832 oppugnare
1027 2764 1096 2811 rem
1114 2745 1223 2830 publi-

186 2880 259 2927 cam
284 2860 371 2926 dicet
387 2860 452 2926 illis
468 2860 657 2927 tacentibus
674 2878 735 2927 nec
752 2861 867 2926 armati
886 2859 1049 2926 exercitus
1065 2861 1225 2925 terrorem

185 2975 337 3058 opponet
371 2974 509 3059 togatis;
545 2991 655 3058 neque
690 2972 750 3040 erit
784 2973 870 3039 iusta
904 2990 1006 3039 causa
1040 2971 1082 3037 ad
1111 2973 1225 3057 portas

187 3086 316 3152 sedenti
341 3085 543 3170 imperatori,
571 3104 674 3170 quare
698 3104 798 3151 suurn
822 3089 979 3152 terrorem
1003 3084 1088 3151 falso
1113 3083 1225 3149 iactari

188 3198 386 3283 opponique
424 3197 577 3281 patiatur.
637 3197 832 3281 Numquam
871 3196 1019 3281 denique
1057 3195 1118 3261 erit
1155 3197 1224 3261 tam

188 3328 372 3395 oppressus
399 3313 547 3389 senatus,
582 3312 619 3375 ut
646 3311 676 3375 ei
705 3329 747 3376 ne
775 3309 988 3394 supplicandi
1019 3307 1157 3392 quidem
1187 3325 1227 3373 ac

188 3422 327 3507 lugendi
357 3424 400 3490 sit
429 3426 590 3509 potestas,
625 3427 693 3490 tam
724 3426 843 3508 captus
874 3424 1030 3506 equester
1060 3420 1155 3499 ordo,
1191 3422 1227 3485 ut

189 3536 320 3620 equites
353 3535 497 3609 Romani
532 3556 551 3603 a
585 3536 725 3604 consule
759 3536 957 3619 relegentur.
1015 3533 1112 3614 Quae
1147 3550 1225 3598 cum

189 3649 303 3715 omnia
327 3652 428 3735 atque
452 3650 551 3716 etiam
576 3649 682 3715 multo
706 3649 770 3715 alia
795 3648 932 3726 maiora,
957 3664 1045 3730 quae
1068 3644 1226 3712 consulto

188 3764 375 3847 praetere0,
410 3762 624 3841 accidissent,
657 3761 779 3828 videtis
814 3776 868 3826 me
902 3762 1015 3825 tamen
1049 3758 1083 3822 in
1114 3775 1227 3823 meam

188 3875 362 3959 pristinam
391 3873 589 3959 dignitatem
613 3873 704 3940 brevi
728 3876 880 3956 tempore
904 3870 1030 3938 doloris
1054 3869 1227 3936 interiecto

189 3987 234 4054 rei
259 3986 413 4072 publicae
437 4004 520 4053 voce
544 4004 619 4053 esse
643 3987 846 4052 revocatum.
