2648 4446
200 310 238 377 12
429 309 499 371 PRO
518 309 547 364 P.
566 309 686 365 SESTIO
706 308 839 370 ORATIO
857 311 876 378 ἓ
894 310 1005 371 24-,26

197 503 281 580 sent,
310 500 332 565 ii
360 501 484 566 summi
512 500 643 585 imperii
672 501 809 567 nomine
837 502 953 567 armati
978 502 1139 568 nudatam
1163 521 1234 568 rem

197 612 367 698 publicam
390 613 713 680 contrucidaverunt.
752 612 889 679 Foedus
911 614 1062 680 lecerunt
1084 633 1161 680 cum
1178 615 1234 681 triss

197 723 291 791 buno
315 724 359 809 pl.
383 724 506 810 palam,
531 727 568 790 ut
590 725 633 791 ab
656 742 699 791 eo
721 726 911 810 provincias
927 727 1124 810 acciperent,
1148 745 1235 811 quas

197 837 262 922 ipsi
285 836 419 915 vellent,
442 837 622 903 exercitum
647 840 680 903 et
702 838 892 922 pecuniam,
916 840 1076 923 quantam
1099 838 1236 919 vellent,

198 968 238 1017 ea
272 949 357 1034 lege,
392 950 420 1015 si
455 950 519 1034 ipsi
552 950 644 1035 prius
670 949 807 1016 tribuno
835 950 879 1034 pl.
908 950 1065 1017 alilictam
1093 954 1126 1017 et
1154 970 1235 1018 con-

198 1062 343 1128 strictam
367 1080 436 1128 rem
461 1062 630 1147 publicam
652 1061 878 1128 tradidissent.
917 1062 953 1128 ld
976 1065 1089 1129 autem
1112 1063 1235 1130 ioedus

198 1193 276 1241 meo
305 1175 470 1259 sanguine
494 1175 595 1240 ictum
620 1175 738 1241 sanciri
762 1192 865 1260 posse
888 1174 1054 1241 dicebant.

145 1406 180 1462 ab
286 1399 363 1481 Qua
387 1417 421 1465 re
444 1400 607 1484 patefacta
631 1398 756 1484 (neque
781 1401 870 1465 enim
887 1400 1090 1466 dissimulari
1105 1403 1236 1467 tantum

198 1512 308 1580 scelus
338 1513 468 1597 poterat
496 1530 558 1579 nec
587 1511 702 1596 latere)
727 1512 983 1597 promulgantur
1006 1531 1075 1579 uno
1099 1513 1236 1579 eodem·

199 1643 265 1711 que
299 1620 450 1708 tempore
483 1627 663 1708 rogationes
696 1624 738 1690 ab
774 1624 896 1691 eodem
930 1625 1065 1692 tribuno
1100 1630 1138 1690 da
1165 1648 1235 1690 mou

194 1738 334 1820 pernicie
357 1738 390 1801 et
413 1735 455 1801 de
479 1736 659 1822 provinciis
682 1737 860 1802 consulum
885 1737 1094 1803 nominatim.

286 1849 348 1914 Hic
371 1851 442 1914 tum
467 1851 604 1915 senatus
628 1849 801 1926 sollicitus,
828 1867 901 1926 vos,
926 1849 1057 1933 equites
1081 1849 1236 1929 Romani,

199 1961 341 2039 excitati,
358 1960 450 2026 ltalia
465 1964 584 2029 cuncta
600 1962 762 2046 permota,
780 1977 900 2026 omnes
917 1960 1065 2045 denique
1082 1961 1236 2026 omnium

199 2090 361 2157 generum
390 2075 491 2157 atque
519 2072 675 2139 ordinum
703 2073 793 2138 cives
823 2090 977 2139 summae
1006 2072 1052 2139 rei
1081 2072 1236 2159 publicae

200 2203 219 2249 a
242 2184 439 2251 consulibus
462 2188 564 2270 atque
588 2204 607 2250 a
631 2203 767 2251 summo
791 2185 933 2270 imperio
957 2185 1140 2271 petendum
1158 2202 1233 2250 esse

200 2297 362 2363 auxilium
397 2297 649 2377 arbitrabantur,
686 2316 762 2364 cum
797 2298 843 2363 illi
872 2299 936 2365 soli
964 2301 1078 2365 essent
1107 2299 1237 2380 praeter

200 2408 364 2475 furiosum
393 2409 486 2475 illum
516 2410 687 2476 tribunum
717 2409 786 2474 duo
814 2409 860 2474 rei
889 2408 1044 2492 publicae
1073 2406 1235 2486 turbines,

201 2521 259 2607 qui
288 2540 356 2587 non
380 2519 484 2586 modo
508 2521 738 2606 praecipitanti
762 2520 891 2605 patriae
915 2538 983 2585 non
1008 2517 1235 2598 subvenirent,

201 2633 261 2699 sed
286 2653 360 2700 eam
384 2633 526 2699 nimium
548 2632 641 2700 tarde
665 2631 842 2698 concidere
858 2633 1053 2696 maererent.
1092 2630 1236 2715 Flagita·

201 2745 297 2811 batur
320 2746 362 2811 ab
386 2745 426 2811 iis
449 2745 572 2812 cotidie
595 2762 672 2811 cum
696 2744 853 2830 querellis
876 2743 1046 2810 bonorum
1072 2745 1236 2824 omnium,

200 2860 272 2923 tum
297 2857 396 2922 etiam
420 2856 576 2942 precibus
600 2859 747 2936 senatus,
776 2860 812 2923 ut
835 2874 946 2922 meam
971 2874 1108 2922 causam
1133 2856 1237 2921 susci-

202 2971 328 3054 perent,
353 2970 491 3053 agerent
512 2967 649 3053 aliquid,
673 2968 820 3054 denique
837 2968 879 3034 ad
896 2970 1051 3034 senatum
1068 2968 1236 3034 referrent:

203 3099 272 3147 non
301 3080 405 3147 modo
435 3080 604 3166 negando,
635 3080 695 3147 sed
727 3081 825 3146 etiam
856 3081 1042 3149 irridendo
1071 3079 1237 3164 amplissi-

203 3211 295 3259 mum
320 3211 491 3278 quemque
514 3193 602 3258 illius
626 3192 753 3259 ordinis
777 3193 1051 3279 insequebantur.

150 3312 185 3367 26
290 3305 353 3372 Hic
377 3305 489 3371 subito
513 3323 589 3372 cum
613 3304 817 3371 incredibilis
841 3305 875 3369 in
899 3304 1106 3390 Capitolium
1128 3302 1238 3368 multi-

202 3418 287 3484 tudo
311 3436 352 3483 ex
366 3419 436 3484 tota
452 3417 534 3483 urbe
550 3420 738 3502 cunctaque
755 3417 847 3484 ltalia
862 3416 1086 3492 convenisset,
1110 3417 1238 3479 vestem

204 3530 399 3595 mutandam
434 3547 554 3595 omnes
583 3548 706 3614 meque
734 3530 800 3595 iam
831 3529 924 3596 omni
953 3527 1082 3592 ratione
1110 3525 1239 3610 privato

204 3642 357 3722 consilio,
381 3643 542 3727 quoniam
567 3641 711 3726 publicis
728 3640 871 3707 ducibus
887 3658 939 3705 res
956 3639 1090 3725 publica
1106 3640 1240 3717 careret,

205 3753 456 3821 defendendum
480 3757 646 3840 putarunt.
693 3753 770 3820 Erat
792 3752 914 3819 eodem
933 3755 1086 3835 tempore
1103 3754 1240 3816 senatus

205 3867 238 3931 in
262 3865 347 3932 aede
370 3865 591 3947 Concordiae,
616 3866 710 3951 quod
734 3866 845 3950 ipsum
866 3864 1029 3950 templum
1047 3881 1239 3947 repraesen-

204 3979 296 4045 tabat
319 3979 515 4046 memoriam
538 3978 735 4046 consulatus
760 3976 837 4056 mei,
860 3994 937 4041 cum
961 3975 1047 4041 ilens
1063 3976 1240 4040 universus
