<?xml version="1.0" encoding="UTF-8"?>
<!DOCTYPE html PUBLIC "-//W3C//DTD XHTML 1.0 Transitional//EN"
    "http://www.w3.org/TR/xhtml1/DTD/xhtml1-transitional.dtd">
<html xmlns="http://www.w3.org/1999/xhtml" xml:lang="en" lang="en">
 <head>
  <title>
</title>
<meta http-equiv="Content-Type" content="text/html;charset=utf-8" />
  <meta name='ocr-system' content='tesseract 3.04.00' />
  <meta name='ocr-capabilities' content='ocr_page ocr_carea ocr_par ocr_line ocrx_word'/>
</head>
<body>
  <div class='ocr_page' id='page_1' title='image "./redefrsestius00cicegoog_0079.png"; bbox 0 0 2648 4446; ppageno 0'>
   <div class='ocr_carea' id='block_1_1' title="bbox 154 303 981 374">
    <p class='ocr_par' dir='ltr' id='par_1_1' title="bbox 154 303 981 374">
     <span class='ocr_line' id='line_1_1' title="bbox 154 303 981 374; baseline 0.005 -17"><span class='ocrx_word' id='word_1_1' title='bbox 154 306 198 373; x_wconf 89' lang='lat'><strong>70</strong></span> <span class='ocrx_word' id='word_1_2' title='bbox 371 303 441 366; x_wconf 85' lang='lat' dir='ltr'><strong>PRO</strong></span> <span class='ocrx_word' id='word_1_3' title='bbox 460 303 489 361; x_wconf 89' lang='lat' dir='ltr'><strong>P.</strong></span> <span class='ocrx_word' id='word_1_4' title='bbox 508 304 628 360; x_wconf 85' lang='lat' dir='ltr'>SESTIO</span> <span class='ocrx_word' id='word_1_5' title='bbox 647 303 779 365; x_wconf 84' lang='lat' dir='ltr'>ORATIO</span> <span class='ocrx_word' id='word_1_6' title='bbox 798 305 817 374; x_wconf 84' lang='lat'>§</span> <span class='ocrx_word' id='word_1_7' title='bbox 838 305 981 361; x_wconf 81' lang='lat'>144-146.</span> 
     </span>
    </p>
   </div>
   <div class='ocr_carea' id='block_1_2' title="bbox 46 495 1192 3841">
    <p class='ocr_par' dir='ltr' id='par_1_2' title="bbox 155 495 1189 582">
     <span class='ocr_line' id='line_1_2' title="bbox 155 495 1189 582; baseline 0.004 -22"><span class='ocrx_word' id='word_1_8' title='bbox 155 495 395 562; x_wconf 91' lang='lat' dir='ltr'><strong>iniustissimae</strong></span> <span class='ocrx_word' id='word_1_9' title='bbox 419 495 564 561; x_wconf 86' lang='lat' dir='ltr'><strong>subitam</strong></span> <span class='ocrx_word' id='word_1_10' title='bbox 589 496 802 562; x_wconf 82' lang='lat' dir='ltr'><strong>acerbitatem</strong></span> <span class='ocrx_word' id='word_1_11' title='bbox 819 515 880 582; x_wconf 94' lang='lat' dir='ltr'><strong>pro</strong></span> <span class='ocrx_word' id='word_1_12' title='bbox 896 499 989 582; x_wconf 93' lang='lat' dir='ltr'><strong>patre</strong></span> <span class='ocrx_word' id='word_1_13' title='bbox 1005 496 1189 564; x_wconf 89' lang='lat' dir='ltr'><strong>fortissimo</strong></span> 
     </span>
    </p>

    <p class='ocr_par' dir='ltr' id='par_1_3' title="bbox 46 606 1192 3841">
     <span class='ocr_line' id='line_1_3' title="bbox 156 606 760 694; baseline 0.002 -22"><span class='ocrx_word' id='word_1_14' title='bbox 156 610 188 673; x_wconf 90' lang='lat' dir='ltr'><strong>et</strong></span> <span class='ocrx_word' id='word_1_15' title='bbox 210 606 395 673; x_wconf 89' lang='lat' dir='ltr'><strong>clarissimo</strong></span> <span class='ocrx_word' id='word_1_16' title='bbox 418 608 489 673; x_wconf 91' lang='lat' dir='ltr'><strong>cive</strong></span> <span class='ocrx_word' id='word_1_17' title='bbox 513 608 760 694; x_wconf 83' lang='lat' dir='ltr'><strong>deprecantem.</strong></span> 
     </span>
     <span class='ocr_line' id='line_1_4' title="bbox 88 717 1190 806; baseline 0.007 -24"><span class='ocrx_word' id='word_1_18' title='bbox 88 727 137 782; x_wconf 80' lang='lat'><strong>145</strong></span> <span class='ocrx_word' id='word_1_19' title='bbox 240 717 350 804; x_wconf 82' lang='lat' dir='ltr'><strong>Atque</strong></span> <span class='ocrx_word' id='word_1_20' title='bbox 374 720 427 784; x_wconf 91' lang='lat' dir='ltr'><strong>hic</strong></span> <span class='ocrx_word' id='word_1_21' title='bbox 446 722 496 785; x_wconf 94' lang='lat' dir='ltr'><strong>tot</strong></span> <span class='ocrx_word' id='word_1_22' title='bbox 511 722 544 786; x_wconf 88' lang='lat' dir='ltr'><strong>et</strong></span> <span class='ocrx_word' id='word_1_23' title='bbox 559 720 676 787; x_wconf 91' lang='lat' dir='ltr'><strong>talium</strong></span> <span class='ocrx_word' id='word_1_24' title='bbox 692 721 814 787; x_wconf 92' lang='lat' dir='ltr'><strong>civium</strong></span> <span class='ocrx_word' id='word_1_25' title='bbox 832 721 978 806; x_wconf 91' lang='lat' dir='ltr'><strong>squalor,</strong></span> <span class='ocrx_word' id='word_1_26' title='bbox 1002 722 1055 788; x_wconf 91' lang='lat' dir='ltr'><strong>hic</strong></span> <span class='ocrx_word' id='word_1_27' title='bbox 1070 723 1190 802; x_wconf 72' lang='lat' dir='ltr'><strong>luctus</strong></span> 
     </span>
     <span class='ocr_line' id='line_1_5' title="bbox 155 831 1192 920; baseline 0.005 -24"><span class='ocrx_word' id='word_1_28' title='bbox 155 831 217 897; x_wconf 91' lang='lat' dir='ltr'><strong>hae</strong></span> <span class='ocrx_word' id='word_1_29' title='bbox 241 831 358 898; x_wconf 91' lang='lat' dir='ltr'><strong>sordes</strong></span> <span class='ocrx_word' id='word_1_30' title='bbox 375 835 552 918; x_wconf 88' lang='lat' dir='ltr'><strong>susceptae</strong></span> <span class='ocrx_word' id='word_1_31' title='bbox 568 835 647 898; x_wconf 92' lang='lat' dir='ltr'><strong>sunt</strong></span> <span class='ocrx_word' id='word_1_32' title='bbox 662 836 798 919; x_wconf 91' lang='lat' dir='ltr'><strong>propter</strong></span> <span class='ocrx_word' id='word_1_33' title='bbox 812 850 927 900; x_wconf 88' lang='lat' dir='ltr'><strong>unum</strong></span> <span class='ocrx_word' id='word_1_34' title='bbox 944 850 1014 915; x_wconf 88' lang='lat' dir='ltr'><strong>me,</strong></span> <span class='ocrx_word' id='word_1_35' title='bbox 1037 836 1116 920; x_wconf 94' lang='lat' dir='ltr'><strong>quia</strong></span> <span class='ocrx_word' id='word_1_36' title='bbox 1137 854 1192 901; x_wconf 89' lang='lat' dir='ltr'><strong>me</strong></span> 
     </span>
     <span class='ocr_line' id='line_1_6' title="bbox 46 939 1188 1032; baseline 0.004 -23"><span class='ocrx_word' id='word_1_37' title='bbox 46 939 49 944; x_wconf 84' lang='grc'><strong>’</strong></span> <span class='ocrx_word' id='word_1_38' title='bbox 153 943 383 1022; x_wconf 92' lang='lat' dir='ltr'><strong>defenderunt,</strong></span> <span class='ocrx_word' id='word_1_39' title='bbox 408 944 487 1029; x_wconf 92' lang='lat' dir='ltr'><strong>quia</strong></span> <span class='ocrx_word' id='word_1_40' title='bbox 511 963 625 1010; x_wconf 92' lang='lat' dir='ltr'><strong>meum</strong></span> <span class='ocrx_word' id='word_1_41' title='bbox 648 963 765 1011; x_wconf 91' lang='lat' dir='ltr'><strong>casum</strong></span> <span class='ocrx_word' id='word_1_42' title='bbox 786 944 982 1032; x_wconf 90' lang='lat' dir='ltr'><strong>luctumque</strong></span> <span class='ocrx_word' id='word_1_43' title='bbox 999 945 1188 1026; x_wconf 91' lang='lat' dir='ltr'><strong>doluerunt,</strong></span> 
     </span>
     <span class='ocr_line' id='line_1_7' title="bbox 152 1056 1184 1145; baseline 0.004 -24"><span class='ocrx_word' id='word_1_44' title='bbox 152 1057 231 1142; x_wconf 88' lang='lat' dir='ltr'><strong>qnia</strong></span> <span class='ocrx_word' id='word_1_45' title='bbox 260 1075 313 1122; x_wconf 90' lang='lat' dir='ltr'><strong>me</strong></span> <span class='ocrx_word' id='word_1_46' title='bbox 341 1056 469 1140; x_wconf 89' lang='lat' dir='ltr'><strong>lugenti</strong></span> <span class='ocrx_word' id='word_1_47' title='bbox 498 1057 633 1142; x_wconf 82' lang='lat' dir='ltr'><strong>patriae,</strong></span> <span class='ocrx_word' id='word_1_48' title='bbox 668 1057 832 1141; x_wconf 80' lang='lat' dir='ltr'><strong>flagitanti</strong></span> <span class='ocrx_word' id='word_1_49' title='bbox 861 1059 1003 1139; x_wconf 89' lang='lat' dir='ltr'><strong>senatui,</strong></span> <span class='ocrx_word' id='word_1_50' title='bbox 1031 1060 1184 1145; x_wconf 91' lang='lat' dir='ltr'><strong>poscenti</strong></span> 
     </span>
     <span class='ocr_line' id='line_1_8' title="bbox 152 1148 1184 1253; baseline 0.004 -19"><span class='ocrx_word' id='word_1_51' title='bbox 152 1168 273 1247; x_wconf 89' lang='lat' dir='ltr'><strong>ltaliae,</strong></span> <span class='ocrx_word' id='word_1_52' title='bbox 300 1168 399 1235; x_wconf 91' lang='lat' dir='ltr'><strong>vobis</strong></span> <span class='ocrx_word' id='word_1_53' title='bbox 427 1168 587 1235; x_wconf 93' lang='lat' dir='ltr'><strong>omnibus</strong></span> <span class='ocrx_word' id='word_1_54' title='bbox 611 1148 784 1236; x_wconf 86' lang='lat' dir='ltr'><strong>orantibus</strong></span> <span class='ocrx_word' id='word_1_55' title='bbox 808 1169 1034 1236; x_wconf 91' lang='lat' dir='ltr'><strong>reddiderunt.</strong></span> <span class='ocrx_word' id='word_1_56' title='bbox 1081 1171 1184 1253; x_wconf 91' lang='lat' dir='ltr'><strong>Quod</strong></span> 
     </span>
     <span class='ocr_line' id='line_1_9' title="bbox 152 1280 1188 1368; baseline 0.001 -21"><span class='ocrx_word' id='word_1_57' title='bbox 152 1284 281 1347; x_wconf 90' lang='lat' dir='ltr'><strong>tantum</strong></span> <span class='ocrx_word' id='word_1_58' title='bbox 310 1282 422 1348; x_wconf 87' lang='lat' dir='ltr'><strong>estin</strong></span> <span class='ocrx_word' id='word_1_59' title='bbox 451 1300 505 1347; x_wconf 93' lang='lat' dir='ltr'><strong>me</strong></span> <span class='ocrx_word' id='word_1_60' title='bbox 534 1280 666 1348; x_wconf 77' lang='lat' dir='ltr'><strong>scelus?</strong></span> <span class='ocrx_word' id='word_1_61' title='bbox 700 1281 782 1367; x_wconf 92' lang='lat' dir='ltr'><strong>quid</strong></span> <span class='ocrx_word' id='word_1_62' title='bbox 810 1284 904 1348; x_wconf 90' lang='lat' dir='ltr'><strong>tanto</strong></span> <span class='ocrx_word' id='word_1_63' title='bbox 932 1300 1033 1368; x_wconf 92' lang='lat' dir='ltr'><strong>opere</strong></span> <span class='ocrx_word' id='word_1_64' title='bbox 1062 1283 1188 1368; x_wconf 90' lang='lat' dir='ltr'><strong>deliqui</strong></span> 
     </span>
     <span class='ocr_line' id='line_1_10' title="bbox 125 1392 1184 1474; baseline 0.003 -16"><span class='ocrx_word' id='word_1_65' title='bbox 125 1392 210 1460; x_wconf 93' lang='lat' dir='ltr'><strong>-illo</strong></span> <span class='ocrx_word' id='word_1_66' title='bbox 245 1393 309 1473; x_wconf 88' lang='lat' dir='ltr'><strong>die,</strong></span> <span class='ocrx_word' id='word_1_67' title='bbox 344 1411 420 1459; x_wconf 91' lang='lat' dir='ltr'><strong>cum</strong></span> <span class='ocrx_word' id='word_1_68' title='bbox 455 1392 497 1458; x_wconf 93' lang='lat' dir='ltr'><strong>ad</strong></span> <span class='ocrx_word' id='word_1_69' title='bbox 525 1411 588 1459; x_wconf 92' lang='lat' dir='ltr'><strong>vos</strong></span> <span class='ocrx_word' id='word_1_70' title='bbox 616 1393 748 1472; x_wconf 92' lang='lat' dir='ltr'><strong>indicia,</strong></span> <span class='ocrx_word' id='word_1_71' title='bbox 783 1393 918 1474; x_wconf 89' lang='lat' dir='ltr'><strong>litteras,</strong></span> <span class='ocrx_word' id='word_1_72' title='bbox 953 1395 1184 1462; x_wconf 91' lang='lat' dir='ltr'><strong>confessiones</strong></span> 
     </span>
     <span class='ocr_line' id='line_1_11' title="bbox 151 1505 1186 1592; baseline 0.002 -20"><span class='ocrx_word' id='word_1_73' title='bbox 151 1507 341 1573; x_wconf 86' lang='lat' dir='ltr'><strong>communis</strong></span> <span class='ocrx_word' id='word_1_74' title='bbox 365 1506 455 1572; x_wconf 88' lang='lat' dir='ltr'><strong>exitii</strong></span> <span class='ocrx_word' id='word_1_75' title='bbox 479 1505 594 1585; x_wconf 93' lang='lat' dir='ltr'><strong>detuli,</strong></span> <span class='ocrx_word' id='word_1_76' title='bbox 618 1524 694 1572; x_wconf 94' lang='lat' dir='ltr'><strong>cum</strong></span> <span class='ocrx_word' id='word_1_77' title='bbox 718 1509 813 1592; x_wconf 88' lang='lat' dir='ltr'><strong>parui</strong></span> <span class='ocrx_word' id='word_1_78' title='bbox 836 1507 957 1574; x_wconf 78' lang='lat' dir='ltr'><strong>vobis?</strong></span> <span class='ocrx_word' id='word_1_79' title='bbox 994 1506 1041 1573; x_wconf 80' lang='lat' dir='ltr'><strong>Ac</strong></span> <span class='ocrx_word' id='word_1_80' title='bbox 1065 1508 1092 1573; x_wconf 95' lang='lat' dir='ltr'><strong>si</strong></span> <span class='ocrx_word' id='word_1_81' title='bbox 1116 1525 1186 1574; x_wconf 91' lang='lat' dir='ltr'><strong>sce-</strong></span> 
     </span>
     <span class='ocr_line' id='line_1_12' title="bbox 152 1618 1189 1706; baseline 0 -22"><span class='ocrx_word' id='word_1_82' title='bbox 152 1619 274 1685; x_wconf 91' lang='lat' dir='ltr'><strong>lestum</strong></span> <span class='ocrx_word' id='word_1_83' title='bbox 309 1622 360 1686; x_wconf 92' lang='lat' dir='ltr'><strong>est</strong></span> <span class='ocrx_word' id='word_1_84' title='bbox 394 1637 506 1684; x_wconf 91' lang='lat' dir='ltr'><strong>amare</strong></span> <span class='ocrx_word' id='word_1_85' title='bbox 540 1620 691 1703; x_wconf 93' lang='lat' dir='ltr'><strong>patriam,</strong></span> <span class='ocrx_word' id='word_1_86' title='bbox 726 1618 845 1705; x_wconf 93' lang='lat' dir='ltr'><strong>pertuli</strong></span> <span class='ocrx_word' id='word_1_87' title='bbox 880 1636 1066 1706; x_wconf 89' lang='lat' dir='ltr'><strong>poenarum</strong></span> <span class='ocrx_word' id='word_1_88' title='bbox 1093 1620 1189 1685; x_wconf 88' lang='lat' dir='ltr'><strong>satis:</strong></span> 
     </span>
     <span class='ocr_line' id='line_1_13' title="bbox 151 1731 1188 1817; baseline 0.001 -20"><span class='ocrx_word' id='word_1_89' title='bbox 151 1750 265 1798; x_wconf 91' lang='lat' dir='ltr'><strong>eversa</strong></span> <span class='ocrx_word' id='word_1_90' title='bbox 294 1731 417 1797; x_wconf 91' lang='lat' dir='ltr'><strong>domus</strong></span> <span class='ocrx_word' id='word_1_91' title='bbox 445 1733 505 1809; x_wconf 92' lang='lat' dir='ltr'><strong>est,</strong></span> <span class='ocrx_word' id='word_1_92' title='bbox 539 1731 693 1798; x_wconf 89' lang='lat' dir='ltr'><strong>fortunae</strong></span> <span class='ocrx_word' id='word_1_93' title='bbox 720 1735 870 1812; x_wconf 87' lang='lat' dir='ltr'><strong>vexatae,</strong></span> <span class='ocrx_word' id='word_1_94' title='bbox 905 1732 1058 1817; x_wconf 94' lang='lat' dir='ltr'><strong>dissipati</strong></span> <span class='ocrx_word' id='word_1_95' title='bbox 1082 1731 1188 1811; x_wconf 92' lang='lat' dir='ltr'><strong>liberi,</strong></span> 
     </span>
     <span class='ocr_line' id='line_1_14' title="bbox 151 1843 1183 1929; baseline 0.002 -21"><span class='ocrx_word' id='word_1_96' title='bbox 151 1846 277 1929; x_wconf 90' lang='lat' dir='ltr'><strong>raptata</strong></span> <span class='ocrx_word' id='word_1_97' title='bbox 312 1843 469 1921; x_wconf 87' lang='lat' dir='ltr'><strong>coniunx,</strong></span> <span class='ocrx_word' id='word_1_98' title='bbox 508 1844 606 1909; x_wconf 91' lang='lat' dir='ltr'><strong>frater</strong></span> <span class='ocrx_word' id='word_1_99' title='bbox 638 1844 797 1929; x_wconf 88' lang='lat' dir='ltr'><strong>optimus,</strong></span> <span class='ocrx_word' id='word_1_100' title='bbox 828 1844 1013 1910; x_wconf 89' lang='lat' dir='ltr'><strong>incredibili</strong></span> <span class='ocrx_word' id='word_1_101' title='bbox 1049 1845 1183 1929; x_wconf 88' lang='lat' dir='ltr'><strong>pietate,</strong></span> 
     </span>
     <span class='ocr_line' id='line_1_15' title="bbox 152 1956 1182 2041; baseline 0.002 -21"><span class='ocrx_word' id='word_1_102' title='bbox 152 1974 265 2022; x_wconf 90' lang='lat' dir='ltr'><strong>amore</strong></span> <span class='ocrx_word' id='word_1_103' title='bbox 289 1956 441 2023; x_wconf 92' lang='lat' dir='ltr'><strong>inaudito</strong></span> <span class='ocrx_word' id='word_1_104' title='bbox 464 1956 612 2023; x_wconf 89' lang='lat' dir='ltr'><strong>maximo</strong></span> <span class='ocrx_word' id='word_1_105' title='bbox 636 1957 670 2020; x_wconf 94' lang='lat' dir='ltr'><strong>in</strong></span> <span class='ocrx_word' id='word_1_106' title='bbox 694 1956 851 2041; x_wconf 88' lang='lat' dir='ltr'><strong>squalore</strong></span> <span class='ocrx_word' id='word_1_107' title='bbox 873 1956 1044 2022; x_wconf 90' lang='lat' dir='ltr'><strong>volutatus</strong></span> <span class='ocrx_word' id='word_1_108' title='bbox 1068 1956 1182 2022; x_wconf 90' lang='lat' dir='ltr'><strong>estad</strong></span> 
     </span>
     <span class='ocr_line' id='line_1_16' title="bbox 151 2067 1183 2154; baseline -0.001 -20"><span class='ocrx_word' id='word_1_109' title='bbox 151 2069 256 2154; x_wconf 88' lang='lat' dir='ltr'><strong>pedes</strong></span> <span class='ocrx_word' id='word_1_110' title='bbox 284 2069 607 2146; x_wconf 91' lang='lat' dir='ltr'><strong>inimicissimorum;</strong></span> <span class='ocrx_word' id='word_1_111' title='bbox 642 2086 708 2153; x_wconf 83' lang='lat' dir='ltr'><strong>ego</strong></span> <span class='ocrx_word' id='word_1_112' title='bbox 735 2067 855 2154; x_wconf 91' lang='lat' dir='ltr'><strong>pulsus</strong></span> <span class='ocrx_word' id='word_1_113' title='bbox 882 2068 957 2146; x_wconf 90' lang='lat' dir='ltr'><strong>aris,</strong></span> <span class='ocrx_word' id='word_1_114' title='bbox 987 2068 1081 2145; x_wconf 91' lang='lat' dir='ltr'><strong>focis,</strong></span> <span class='ocrx_word' id='word_1_115' title='bbox 1109 2067 1183 2134; x_wconf 92' lang='lat' dir='ltr'><strong>deis</strong></span> 
     </span>
     <span class='ocr_line' id='line_1_17' title="bbox 151 2180 1184 2266; baseline -0.002 -20"><span class='ocrx_word' id='word_1_116' title='bbox 151 2180 340 2266; x_wconf 91' lang='lat' dir='ltr'><strong>penatibus,</strong></span> <span class='ocrx_word' id='word_1_117' title='bbox 376 2181 552 2247; x_wconf 88' lang='lat' dir='ltr'><strong>distractus</strong></span> <span class='ocrx_word' id='word_1_118' title='bbox 579 2200 597 2247; x_wconf 94' lang='lat' dir='ltr'><strong>a</strong></span> <span class='ocrx_word' id='word_1_119' title='bbox 626 2181 711 2248; x_wconf 91' lang='lat' dir='ltr'><strong>meis</strong></span> <span class='ocrx_word' id='word_1_120' title='bbox 738 2182 828 2246; x_wconf 91' lang='lat' dir='ltr'><strong>carui</strong></span> <span class='ocrx_word' id='word_1_121' title='bbox 856 2181 971 2266; x_wconf 92' lang='lat' dir='ltr'><strong>patria,</strong></span> <span class='ocrx_word' id='word_1_122' title='bbox 1000 2197 1113 2265; x_wconf 93' lang='lat' dir='ltr'><strong>quam,</strong></span> <span class='ocrx_word' id='word_1_123' title='bbox 1148 2183 1184 2244; x_wconf 98' lang='lat' dir='ltr'><strong>ut</strong></span> 
     </span>
     <span class='ocr_line' id='line_1_18' title="bbox 151 2291 1185 2381; baseline -0.001 -23"><span class='ocrx_word' id='word_1_124' title='bbox 151 2292 321 2360; x_wconf 91' lang='lat' dir='ltr'><strong>levissime</strong></span> <span class='ocrx_word' id='word_1_125' title='bbox 337 2294 457 2374; x_wconf 92' lang='lat' dir='ltr'><strong>dicam,</strong></span> <span class='ocrx_word' id='word_1_126' title='bbox 480 2312 621 2381; x_wconf 90' lang='lat' dir='ltr'><strong>corpore</strong></span> <span class='ocrx_word' id='word_1_127' title='bbox 635 2297 797 2372; x_wconf 88' lang='lat' dir='ltr'><strong>texeram;</strong></span> <span class='ocrx_word' id='word_1_128' title='bbox 821 2292 940 2379; x_wconf 91' lang='lat' dir='ltr'><strong>pertuli</strong></span> <span class='ocrx_word' id='word_1_129' title='bbox 956 2291 1185 2358; x_wconf 85' lang='lat' dir='ltr'><strong>crudelitatem</strong></span> 
     </span>
     <span class='ocr_line' id='line_1_19' title="bbox 83 2402 1189 2485; baseline 0.002 -18"><span class='ocrx_word' id='word_1_130' title='bbox 83 2412 133 2468; x_wconf 83' lang='grc'><strong>146</strong></span> <span class='ocrx_word' id='word_1_131' title='bbox 151 2406 372 2485; x_wconf 93' lang='lat' dir='ltr'><strong>inimicorum,</strong></span> <span class='ocrx_word' id='word_1_132' title='bbox 397 2406 506 2473; x_wconf 89' lang='lat' dir='ltr'><strong>scelus</strong></span> <span class='ocrx_word' id='word_1_133' title='bbox 523 2406 721 2485; x_wconf 84' lang='lat' dir='ltr'><strong>infidelium,</strong></span> <span class='ocrx_word' id='word_1_134' title='bbox 742 2405 894 2471; x_wconf 87' lang='lat' dir='ltr'><strong>fraudem</strong></span> <span class='ocrx_word' id='word_1_135' title='bbox 911 2404 1112 2471; x_wconf 91' lang='lat' dir='ltr'><strong>invidorum.</strong></span> <span class='ocrx_word' id='word_1_136' title='bbox 1154 2402 1189 2469; x_wconf 89' lang='lat' dir='ltr'><strong>Si</strong></span> 
     </span>
     <span class='ocr_line' id='line_1_20' title="bbox 150 2515 1186 2604; baseline -0.004 -21"><span class='ocrx_word' id='word_1_137' title='bbox 150 2518 215 2584; x_wconf 91' lang='lat' dir='ltr'><strong>hoc</strong></span> <span class='ocrx_word' id='word_1_138' title='bbox 243 2537 311 2584; x_wconf 94' lang='lat' dir='ltr'><strong>non</strong></span> <span class='ocrx_word' id='word_1_139' title='bbox 339 2521 390 2585; x_wconf 91' lang='lat' dir='ltr'><strong>est</strong></span> <span class='ocrx_word' id='word_1_140' title='bbox 417 2519 508 2597; x_wconf 91' lang='lat' dir='ltr'><strong>satis,</strong></span> <span class='ocrx_word' id='word_1_141' title='bbox 537 2518 631 2604; x_wconf 93' lang='lat' dir='ltr'><strong>quod</strong></span> <span class='ocrx_word' id='word_1_142' title='bbox 654 2519 737 2584; x_wconf 90' lang='lat' dir='ltr'><strong>haec</strong></span> <span class='ocrx_word' id='word_1_143' title='bbox 761 2517 875 2583; x_wconf 89' lang='lat' dir='ltr'><strong>omnia</strong></span> <span class='ocrx_word' id='word_1_144' title='bbox 899 2516 1008 2582; x_wconf 90' lang='lat' dir='ltr'><strong>deleta</strong></span> <span class='ocrx_word' id='word_1_145' title='bbox 1030 2515 1186 2581; x_wconf 90' lang='lat' dir='ltr'><strong>videntur</strong></span> 
     </span>
     <span class='ocr_line' id='line_1_21' title="bbox 150 2628 1183 2715; baseline -0.003 -20"><span class='ocrx_word' id='word_1_146' title='bbox 150 2630 257 2696; x_wconf 93' lang='lat' dir='ltr'><strong>reditu</strong></span> <span class='ocrx_word' id='word_1_147' title='bbox 274 2648 361 2709; x_wconf 92' lang='lat' dir='ltr'><strong>meo,</strong></span> <span class='ocrx_word' id='word_1_148' title='bbox 386 2631 492 2697; x_wconf 94' lang='lat' dir='ltr'><strong>multo</strong></span> <span class='ocrx_word' id='word_1_149' title='bbox 510 2632 601 2709; x_wconf 91' lang='lat' dir='ltr'><strong>mihi,</strong></span> <span class='ocrx_word' id='word_1_150' title='bbox 626 2631 743 2709; x_wconf 91' lang='lat' dir='ltr'><strong>multo,</strong></span> <span class='ocrx_word' id='word_1_151' title='bbox 767 2630 917 2715; x_wconf 89' lang='lat' dir='ltr'><strong>inquam,</strong></span> <span class='ocrx_word' id='word_1_152' title='bbox 934 2628 1073 2707; x_wconf 89' lang='lat' dir='ltr'><strong>iudices,</strong></span> <span class='ocrx_word' id='word_1_153' title='bbox 1089 2645 1183 2713; x_wconf 91' lang='lat' dir='ltr'><strong>prae·</strong></span> 
     </span>
     <span class='ocr_line' id='line_1_22' title="bbox 149 2742 1181 2838; baseline -0.003 -29"><span class='ocrx_word' id='word_1_154' title='bbox 149 2745 214 2809; x_wconf 93' lang='lat' dir='ltr'><strong>stat</strong></span> <span class='ocrx_word' id='word_1_155' title='bbox 236 2743 270 2808; x_wconf 92' lang='lat' dir='ltr'><strong>in</strong></span> <span class='ocrx_word' id='word_1_156' title='bbox 295 2744 437 2810; x_wconf 91' lang='lat' dir='ltr'><strong>eandem</strong></span> <span class='ocrx_word' id='word_1_157' title='bbox 461 2744 552 2810; x_wconf 89' lang='lat' dir='ltr'><strong>illam</strong></span> <span class='ocrx_word' id='word_1_158' title='bbox 576 2742 721 2809; x_wconf 88' lang='lat' dir='ltr'><strong>recidere</strong></span> <span class='ocrx_word' id='word_1_159' title='bbox 743 2742 911 2809; x_wconf 92' lang='lat' dir='ltr'><strong>fortunam</strong></span> <span class='ocrx_word' id='word_1_160' title='bbox 936 2759 1037 2827; x_wconf 90' lang='lat' dir='ltr'><strong>quam</strong></span> <span class='ocrx_word' id='word_1_161' title='bbox 1054 2742 1181 2838; x_wconf 90' lang='lat' dir='ltr'><strong>tantam</strong></span> 
     </span>
     <span class='ocr_line' id='line_1_23' title="bbox 149 2852 1181 2941; baseline -0.002 -21"><span class='ocrx_word' id='word_1_162' title='bbox 149 2856 327 2941; x_wconf 87' lang='lat' dir='ltr'><strong>importare</strong></span> <span class='ocrx_word' id='word_1_163' title='bbox 352 2857 436 2922; x_wconf 91' lang='lat' dir='ltr'><strong>meis</strong></span> <span class='ocrx_word' id='word_1_164' title='bbox 460 2855 695 2923; x_wconf 74' lang='lat' dir='ltr'><strong>defensoribus</strong></span> <span class='ocrx_word' id='word_1_165' title='bbox 723 2858 756 2920; x_wconf 91' lang='lat' dir='ltr'><strong>et</strong></span> <span class='ocrx_word' id='word_1_166' title='bbox 778 2853 1071 2920; x_wconf 88' lang='lat' dir='ltr'><strong>conservatoribus</strong></span> <span class='ocrx_word' id='word_1_167' title='bbox 1094 2852 1181 2919; x_wconf 90' lang='lat' dir='ltr'><strong>cala-</strong></span> 
     </span>
     <span class='ocr_line' id='line_1_24' title="bbox 149 2964 1185 3053; baseline -0.004 -21"><span class='ocrx_word' id='word_1_168' title='bbox 149 2968 309 3034; x_wconf 87' lang='lat' dir='ltr'><strong>mitatem.</strong></span> <span class='ocrx_word' id='word_1_169' title='bbox 354 2967 406 3034; x_wconf 83' lang='lat' dir='ltr'><strong>An</strong></span> <span class='ocrx_word' id='word_1_170' title='bbox 436 2987 501 3053; x_wconf 86' lang='lat' dir='ltr'><strong>ego</strong></span> <span class='ocrx_word' id='word_1_171' title='bbox 530 2969 564 3033; x_wconf 91' lang='lat' dir='ltr'><strong>in</strong></span> <span class='ocrx_word' id='word_1_172' title='bbox 592 2968 655 3032; x_wconf 91' lang='lat' dir='ltr'><strong>hac</strong></span> <span class='ocrx_word' id='word_1_173' title='bbox 678 2966 760 3032; x_wconf 92' lang='lat' dir='ltr'><strong>urbe</strong></span> <span class='ocrx_word' id='word_1_174' title='bbox 784 2985 859 3032; x_wconf 91' lang='lat' dir='ltr'><strong>esse</strong></span> <span class='ocrx_word' id='word_1_175' title='bbox 883 2965 1012 3052; x_wconf 91' lang='lat' dir='ltr'><strong>possim</strong></span> <span class='ocrx_word' id='word_1_176' title='bbox 1035 2965 1088 3029; x_wconf 92' lang='lat' dir='ltr'><strong>his</strong></span> <span class='ocrx_word' id='word_1_177' title='bbox 1112 2964 1185 3049; x_wconf 92' lang='lat' dir='ltr'><strong>pul·</strong></span> 
     </span>
     <span class='ocr_line' id='line_1_25' title="bbox 151 3077 1182 3166; baseline -0.002 -21"><span class='ocrx_word' id='word_1_178' title='bbox 151 3080 207 3158; x_wconf 91' lang='lat' dir='ltr'><strong>sis,</strong></span> <span class='ocrx_word' id='word_1_179' title='bbox 231 3081 290 3166; x_wconf 93' lang='lat' dir='ltr'><strong>qui</strong></span> <span class='ocrx_word' id='word_1_180' title='bbox 314 3098 368 3146; x_wconf 91' lang='lat' dir='ltr'><strong>me</strong></span> <span class='ocrx_word' id='word_1_181' title='bbox 385 3080 485 3147; x_wconf 89' lang='lat' dir='ltr'><strong>huius</strong></span> <span class='ocrx_word' id='word_1_182' title='bbox 501 3080 592 3147; x_wconf 90' lang='lat' dir='ltr'><strong>urbis</strong></span> <span class='ocrx_word' id='word_1_183' title='bbox 608 3081 802 3165; x_wconf 91' lang='lat' dir='ltr'><strong>compotem</strong></span> <span class='ocrx_word' id='word_1_184' title='bbox 817 3079 986 3146; x_wconf 77' lang='lat' dir='ltr'><strong>iecerunt?</strong></span> <span class='ocrx_word' id='word_1_185' title='bbox 1019 3077 1097 3144; x_wconf 93' lang='lat' dir='ltr'><strong>Non</strong></span> <span class='ocrx_word' id='word_1_186' title='bbox 1115 3094 1182 3155; x_wconf 89' lang='lat' dir='ltr'><strong>ero,</strong></span> 
     </span>
     <span class='ocr_line' id='line_1_26' title="bbox 150 3191 1182 3277; baseline -0.002 -20"><span class='ocrx_word' id='word_1_187' title='bbox 150 3209 219 3258; x_wconf 92' lang='lat' dir='ltr'><strong>non</strong></span> <span class='ocrx_word' id='word_1_188' title='bbox 247 3195 365 3277; x_wconf 93' lang='lat' dir='ltr'><strong>potero</strong></span> <span class='ocrx_word' id='word_1_189' title='bbox 393 3211 478 3271; x_wconf 89' lang='lat' dir='ltr'><strong>esse,</strong></span> <span class='ocrx_word' id='word_1_190' title='bbox 507 3193 650 3271; x_wconf 88' lang='lat' dir='ltr'><strong>iudices;</strong></span> <span class='ocrx_word' id='word_1_191' title='bbox 678 3210 790 3277; x_wconf 89' lang='lat' dir='ltr'><strong>neque</strong></span> <span class='ocrx_word' id='word_1_192' title='bbox 818 3191 871 3257; x_wconf 90' lang='lat' dir='ltr'><strong>hic</strong></span> <span class='ocrx_word' id='word_1_193' title='bbox 899 3208 1061 3275; x_wconf 91' lang='lat' dir='ltr'><strong>umquam</strong></span> <span class='ocrx_word' id='word_1_194' title='bbox 1090 3207 1182 3275; x_wconf 94' lang='lat' dir='ltr'><strong>puer,</strong></span> 
     </span>
     <span class='ocr_line' id='line_1_27' title="bbox 149 3302 1180 3391; baseline -0.002 -22"><span class='ocrx_word' id='word_1_195' title='bbox 149 3305 207 3390; x_wconf 94' lang='lat' dir='ltr'><strong>qui</strong></span> <span class='ocrx_word' id='word_1_196' title='bbox 224 3305 276 3370; x_wconf 89' lang='lat' dir='ltr'><strong>his</strong></span> <span class='ocrx_word' id='word_1_197' title='bbox 291 3305 445 3383; x_wconf 91' lang='lat' dir='ltr'><strong>lacrimis,</strong></span> <span class='ocrx_word' id='word_1_198' title='bbox 470 3322 536 3391; x_wconf 94' lang='lat' dir='ltr'><strong>qua</strong></span> <span class='ocrx_word' id='word_1_199' title='bbox 554 3305 596 3370; x_wconf 88' lang='lat' dir='ltr'><strong>sit</strong></span> <span class='ocrx_word' id='word_1_200' title='bbox 612 3306 745 3390; x_wconf 89' lang='lat' dir='ltr'><strong>pietate,</strong></span> <span class='ocrx_word' id='word_1_201' title='bbox 769 3302 923 3382; x_wconf 88' lang='lat' dir='ltr'><strong>declarat,</strong></span> <span class='ocrx_word' id='word_1_202' title='bbox 944 3303 1071 3369; x_wconf 92' lang='lat' dir='ltr'><strong>amisso</strong></span> <span class='ocrx_word' id='word_1_203' title='bbox 1088 3304 1180 3388; x_wconf 89' lang='lat' dir='ltr'><strong>patre</strong></span> 
     </span>
     <span class='ocr_line' id='line_1_28' title="bbox 149 3414 1180 3504; baseline -0.004 -21"><span class='ocrx_word' id='word_1_204' title='bbox 149 3435 213 3484; x_wconf 92' lang='lat' dir='ltr'><strong>suo</strong></span> <span class='ocrx_word' id='word_1_205' title='bbox 247 3420 382 3504; x_wconf 93' lang='lat' dir='ltr'><strong>propter</strong></span> <span class='ocrx_word' id='word_1_206' title='bbox 416 3436 470 3483; x_wconf 93' lang='lat' dir='ltr'><strong>me</strong></span> <span class='ocrx_word' id='word_1_207' title='bbox 497 3436 552 3483; x_wconf 92' lang='lat' dir='ltr'><strong>me</strong></span> <span class='ocrx_word' id='word_1_208' title='bbox 580 3417 692 3502; x_wconf 92' lang='lat' dir='ltr'><strong>ipsum</strong></span> <span class='ocrx_word' id='word_1_209' title='bbox 721 3415 924 3482; x_wconf 94' lang='lat' dir='ltr'><strong>incolumem</strong></span> <span class='ocrx_word' id='word_1_210' title='bbox 952 3414 1080 3481; x_wconf 92' lang='lat' dir='ltr'><strong>videbit</strong></span> <span class='ocrx_word' id='word_1_211' title='bbox 1109 3431 1180 3492; x_wconf 88' lang='lat' dir='ltr'><strong>nec,</strong></span> 
     </span>
     <span class='ocr_line' id='line_1_29' title="bbox 148 3528 1179 3616; baseline -0.003 -21"><span class='ocrx_word' id='word_1_212' title='bbox 148 3531 454 3616; x_wconf 90' lang='lat' dir='ltr'><strong>quotienscumque</strong></span> <span class='ocrx_word' id='word_1_213' title='bbox 489 3547 543 3595; x_wconf 91' lang='lat' dir='ltr'><strong>me</strong></span> <span class='ocrx_word' id='word_1_214' title='bbox 576 3528 705 3608; x_wconf 92' lang='lat' dir='ltr'><strong>viderit,</strong></span> <span class='ocrx_word' id='word_1_215' title='bbox 740 3529 947 3613; x_wconf 87' lang='lat' dir='ltr'><strong>ingemescet</strong></span> <span class='ocrx_word' id='word_1_216' title='bbox 980 3544 1019 3592; x_wconf 92' lang='lat' dir='ltr'><strong>ac</strong></span> <span class='ocrx_word' id='word_1_217' title='bbox 1048 3529 1179 3611; x_wconf 88' lang='lat' dir='ltr'><strong>pestem</strong></span> 
     </span>
     <span class='ocr_line' id='line_1_30' title="bbox 150 3637 1183 3728; baseline -0.005 -20"><span class='ocrx_word' id='word_1_218' title='bbox 150 3660 246 3708; x_wconf 90' lang='lat' dir='ltr'><strong>suam</strong></span> <span class='ocrx_word' id='word_1_219' title='bbox 277 3660 316 3708; x_wconf 92' lang='lat' dir='ltr'><strong>ac</strong></span> <span class='ocrx_word' id='word_1_220' title='bbox 342 3643 446 3728; x_wconf 94' lang='lat' dir='ltr'><strong>patris</strong></span> <span class='ocrx_word' id='word_1_221' title='bbox 473 3642 525 3708; x_wconf 92' lang='lat' dir='ltr'><strong>sui</strong></span> <span class='ocrx_word' id='word_1_222' title='bbox 554 3659 590 3707; x_wconf 91' lang='lat' dir='ltr'><strong>se</strong></span> <span class='ocrx_word' id='word_1_223' title='bbox 618 3640 705 3706; x_wconf 92' lang='lat' dir='ltr'><strong>dicet</strong></span> <span class='ocrx_word' id='word_1_224' title='bbox 732 3640 856 3706; x_wconf 88' lang='lat' dir='ltr'><strong>videre.</strong></span> <span class='ocrx_word' id='word_1_225' title='bbox 906 3638 980 3724; x_wconf 86' lang='lat' dir='ltr'><strong>Ego</strong></span> <span class='ocrx_word' id='word_1_226' title='bbox 1010 3656 1090 3705; x_wconf 89' lang='lat' dir='ltr'><strong>vero</strong></span> <span class='ocrx_word' id='word_1_227' title='bbox 1119 3637 1183 3704; x_wconf 93' lang='lat' dir='ltr'><strong>hos</strong></span> 
     </span>
     <span class='ocr_line' id='line_1_31' title="bbox 149 3750 1187 3841; baseline -0.004 -22"><span class='ocrx_word' id='word_1_228' title='bbox 149 3755 183 3819; x_wconf 93' lang='lat' dir='ltr'><strong>in</strong></span> <span class='ocrx_word' id='word_1_229' title='bbox 207 3755 300 3820; x_wconf 92' lang='lat' dir='ltr'><strong>omni</strong></span> <span class='ocrx_word' id='word_1_230' title='bbox 322 3755 465 3834; x_wconf 93' lang='lat' dir='ltr'><strong>fortuna,</strong></span> <span class='ocrx_word' id='word_1_231' title='bbox 489 3770 724 3841; x_wconf 91' lang='lat' dir='ltr'><strong>quaecumque</strong></span> <span class='ocrx_word' id='word_1_232' title='bbox 748 3753 808 3818; x_wconf 93' lang='lat' dir='ltr'><strong>erit</strong></span> <span class='ocrx_word' id='word_1_233' title='bbox 823 3751 946 3827; x_wconf 89' lang='lat' dir='ltr'><strong>oblata,</strong></span> <span class='ocrx_word' id='word_1_234' title='bbox 970 3750 1187 3835; x_wconf 90' lang='lat' dir='ltr'><strong>complectar:</strong></span> 
     </span>
    </p>
   </div>
   <div class='ocr_carea' id='block_1_3' title="bbox 143 3862 1182 4062">
    <p class='ocr_par' dir='ltr' id='par_1_4' title="bbox 143 3862 1182 4062">
     <span class='ocr_line' id='line_1_32' title="bbox 150 3862 1182 3953; baseline -0.004 -21"><span class='ocrx_word' id='word_1_235' title='bbox 150 3885 210 3934; x_wconf 93' lang='lat' dir='ltr'><strong>nec</strong></span> <span class='ocrx_word' id='word_1_236' title='bbox 237 3885 292 3932; x_wconf 89' lang='lat' dir='ltr'><strong>me</strong></span> <span class='ocrx_word' id='word_1_237' title='bbox 315 3866 357 3932; x_wconf 94' lang='lat' dir='ltr'><strong>ab</strong></span> <span class='ocrx_word' id='word_1_238' title='bbox 382 3867 432 3945; x_wconf 95' lang='lat' dir='ltr'><strong>iis,</strong></span> <span class='ocrx_word' id='word_1_239' title='bbox 462 3883 550 3953; x_wconf 93' lang='lat' dir='ltr'><strong>quos</strong></span> <span class='ocrx_word' id='word_1_240' title='bbox 574 3883 651 3932; x_wconf 94' lang='lat' dir='ltr'><strong>meo</strong></span> <span class='ocrx_word' id='word_1_241' title='bbox 675 3865 812 3931; x_wconf 92' lang='lat' dir='ltr'><strong>nomine</strong></span> <span class='ocrx_word' id='word_1_242' title='bbox 836 3862 1027 3930; x_wconf 89' lang='lat' dir='ltr'><strong>sordidatos</strong></span> <span class='ocrx_word' id='word_1_243' title='bbox 1050 3862 1182 3942; x_wconf 88' lang='lat' dir='ltr'><strong>videtis,</strong></span> 
     </span>
     <span class='ocr_line' id='line_1_33' title="bbox 143 3975 1172 4062; baseline 0 -21"><span class='ocrx_word' id='word_1_244' title='bbox 143 3997 310 4062; x_wconf 81' lang='lat' dir='ltr'><strong>umquam</strong></span> <span class='ocrx_word' id='word_1_245' title='bbox 347 3977 413 4045; x_wconf 92' lang='lat' dir='ltr'><strong>ulla</strong></span> <span class='ocrx_word' id='word_1_246' title='bbox 448 3978 581 4043; x_wconf 88' lang='lat' dir='ltr'><strong>fortuna</strong></span> <span class='ocrx_word' id='word_1_247' title='bbox 609 3977 753 4056; x_wconf 88' lang='lat' dir='ltr'><strong>divellet,</strong></span> <span class='ocrx_word' id='word_1_248' title='bbox 788 3994 899 4062; x_wconf 89' lang='lat' dir='ltr'><strong>neque</strong></span> <span class='ocrx_word' id='word_1_249' title='bbox 928 3993 989 4043; x_wconf 90' lang='lat' dir='ltr'><strong>eae</strong></span> <span class='ocrx_word' id='word_1_250' title='bbox 1016 3975 1172 4043; x_wconf 90' lang='lat' dir='ltr'><strong>nationes</strong></span> 
     </span>
    </p>
   </div>
   <div class='ocr_carea' id='block_1_4' title="bbox 0 0 1328 4446">
    <p class='ocr_par' dir='ltr' id='par_1_5' title="bbox 0 0 1328 4446">
     <span class='ocr_line' id='line_1_34' title="bbox 0 0 1328 4446; baseline 0 0"><span class='ocrx_word' id='word_1_251' title='bbox 0 0 1328 4446; x_wconf 95' lang='lat' dir='ltr'><strong> </strong></span> 
     </span>
    </p>
   </div>
  </div>
 </body>
</html>
