2648 4446
371 321 441 383 PRO
460 321 488 375 P.
508 320 627 378 SESTIO
648 319 781 382 ORATIO
801 321 819 388 ξ
837 319 949 375 46-47.
1136 322 1178 388 23

135 513 286 598 scriptio,
314 511 445 590 caedes,
473 511 617 596 direptio
646 510 905 588 denuntiaretur,
933 528 1009 576 cum
1039 509 1094 576 alii
1123 529 1178 576 me

137 625 332 710 suspicione
365 624 502 710 periculi
537 625 589 690 sui
624 641 693 690 non
722 621 949 700 defenderent,
984 621 1039 687 alii
1067 625 1178 689 vetere

138 737 219 804 odio
237 736 405 803 bonorum
423 737 644 814 incitarentur,
669 734 724 800 alii
748 733 944 812 inviderent,
968 733 1023 800 alii
1045 734 1179 801 obstare

136 849 202 914 sibi
239 868 294 915 me
329 848 572 927 arbitrarentur,
604 847 659 912 alii
694 847 808 912 ulcisci
843 845 995 913 dolorem
1030 847 1177 932 aliquem

137 979 240 1027 suum
276 961 409 1039 vellent,
444 960 498 1026 alii
527 979 596 1026 rem
624 961 733 1044 ipsam
765 958 933 1045 publicam
962 962 1063 1044 atque
1091 960 1179 1025 hunc

139 1073 309 1140 bonorum
334 1076 456 1139 statum
473 1073 648 1156 otiumque
666 1071 818 1138 odissent
833 1074 866 1137 et
882 1071 926 1136 ob
942 1071 1043 1137 hasce
1059 1089 1178 1139 causas

139 1187 190 1251 tot
213 1188 350 1269 tamque
370 1185 478 1251 varias
495 1202 550 1249 me
567 1202 671 1249 unum
689 1182 923 1268 deposcerent:
948 1182 1177 1268 depugnarem

141 1297 255 1382 potius
291 1315 367 1362 curn
397 1314 532 1362 summo
561 1314 629 1362 non
658 1294 766 1361 dicam
795 1295 907 1373 exitio,
942 1295 1003 1362 sed
1030 1296 1178 1380 periculo

142 1412 229 1475 certe
251 1412 363 1475 vestro
391 1409 640 1493 liberorumque
663 1410 859 1486 vestrorum,
883 1426 985 1492 quam
1009 1408 1054 1488 id,
1085 1409 1178 1494 quod

138 1521 301 1602 omnibus
329 1521 558 1605 impendebat,
586 1539 674 1586 unus
702 1538 762 1605 pro
790 1520 950 1586 omnibus
974 1522 1178 1605 susciperem

138 1651 179 1698 ac
209 1633 381 1699 subirem?
403 1672 445 1680 —
467 1631 564 1700 ‘Victi
593 1635 706 1699 essent
735 1626 903 1717 improbi?
947 1632 990 1699 At
1018 1634 1118 1713 cives,
1146 1637 1180 1700 at

139 1745 183 1809 ab
217 1763 258 1811 eo
286 1746 416 1830 privato
443 1748 581 1825 armato,
616 1747 673 1831 qui
702 1747 775 1812 sine
803 1746 903 1811 amris
932 1746 1032 1812 etiam
1061 1746 1179 1812 consul

140 1875 209 1922 rem
235 1857 405 1942 publicam
429 1861 649 1925 conservarat.
690 1857 748 1925 Sin
771 1859 848 1925 victi
872 1861 986 1925 essent
1005 1858 1097 1938 boni,
1121 1860 1179 1944 qui

139 1972 380 2055 superessent?
408 1989 521 2038 nonne
550 1970 593 2037 ad
624 1989 740 2037 servos
768 1970 889 2037 videtis
916 1989 985 2037 rem
1010 1970 1179 2057 publicam

140 2084 314 2148 venturam
339 2083 466 2149 luisse?

228 2192 280 2259 An
305 2195 386 2261 mihi
410 2196 485 2280 ipsi,
509 2198 545 2261 ut
569 2195 707 2280 quidam
732 2199 859 2282 putant,
883 2196 944 2262 luit
960 2215 1051 2263 mors
1067 2215 1178 2281 aequo
1197 2204 1232 2258 47

140 2306 258 2372 animo
275 2306 490 2391 oppetenda?
514 2307 605 2388 Quid
617 2310 714 2374 tum?
730 2311 946 2374 mortemne
959 2308 1178 2393 fugiebam,

138 2435 183 2482 an
209 2421 278 2485 erat
293 2437 345 2486 res
363 2419 439 2498 ulla,
457 2438 559 2505 quam
577 2421 659 2486 milri
676 2421 785 2505 magis
801 2420 990 2504 optandam
1005 2423 1180 2506 putarem?

138 2534 198 2596 aut
227 2549 293 2616 ego
321 2531 394 2598 illas
422 2551 475 2598 res
498 2535 607 2599 tantas
637 2534 670 2599 in
699 2536 790 2599 tanta
814 2534 1044 2618 improborum
1069 2535 1179 2600 multi-

141 2641 259 2708 tudine
284 2661 360 2709 cum
384 2644 555 2729 gerebam,
580 2663 648 2711 non
672 2645 753 2711 mihi
770 2663 876 2724 mors,
896 2664 965 2711 non
981 2645 1117 2711 exilium
1135 2646 1179 2712 ob

138 2755 260 2822 oculos
283 2756 500 2823 versabatur?
524 2775 593 2823 non
617 2758 699 2824 haec
722 2757 869 2843 denique
893 2777 912 2823 a
936 2777 990 2824 me
1008 2760 1079 2823 tum
1096 2760 1179 2824 tam·

140 2884 244 2949 quarn
273 2868 339 2934 iata
368 2869 401 2934 in
430 2869 503 2954 ipsa
534 2888 568 2935 re
596 2869 743 2954 gerenda
772 2869 999 2936 canebantur?
1032 2868 1084 2935 An
1113 2872 1181 2935 erat

144 2976 225 3042 milri
250 2980 283 3044 in
307 2983 399 3047 tanto
424 2981 514 3047 luctu
537 3000 701 3061 meorum,
728 2985 820 3048 tanta
844 2982 1060 3061 diiunctione,
1088 2984 1179 3048 tanta

140 3089 334 3166 acerbitate,
358 3094 448 3160 tanta
465 3093 668 3178 spoliatione
685 3094 837 3160 omnium
854 3111 974 3171 rerum,
995 3111 1080 3178 quas
1097 3093 1178 3159 milri

139 3204 200 3267 aut
228 3205 345 3269 natura
373 3207 431 3270 aut
456 3206 588 3273 fortuna
617 3206 763 3285 dederat,
791 3206 858 3272 vita
882 3205 1076 3272 retinenda?
1110 3208 1178 3271 tam

141 3331 231 3379 eram
259 3315 362 3395 rudis,
397 3319 464 3383 tarn
493 3318 629 3402 ignarus
656 3337 776 3397 rerum,
810 3321 878 3384 tam
907 3336 1025 3402 expers
1048 3317 1179 3383 consilii

141 3428 199 3491 aut
223 3428 372 3512 ingenii?
401 3428 482 3495 nibil
506 3429 687 3510 audieram,
712 3430 793 3496 nihil
816 3429 976 3509 videram,
1000 3427 1082 3494 nihil
1106 3428 1178 3512 ipse

142 3537 289 3623 legendo
318 3541 581 3626 quaerendoque
605 3544 853 3627 cognoveram?
876 3540 1067 3607 nesciebam
1091 3540 1179 3606 vitae

142 3649 277 3717 brevem
303 3671 378 3719 esse
394 3672 539 3734 cursum,
563 3654 690 3739 gloriae
709 3654 973 3739 sempiternum?
996 3671 1072 3718 cum
1089 3656 1178 3718 esset

143 3764 303 3831 omnibus
327 3765 465 3833 delinita
489 3786 590 3846 mors,
615 3767 802 3852 optandum
827 3785 912 3845 esse,
937 3770 973 3831 ut
987 3766 1065 3846 vita,
1090 3783 1178 3850 quae

143 3877 332 3943 necessitati
357 3877 542 3957 deberetur,
567 3879 693 3963 patriae
716 3879 830 3962 potius
853 3877 978 3944 donata
1002 3896 1104 3962 quam
1128 3896 1177 3943 re-

141 3990 271 4054 servata
296 3991 432 4055 naturae
455 3989 642 4056 videretur?
657 4028 701 4036 —
715 3989 922 4058 Nesciebam
941 3990 1030 4057 inter
1049 3991 1187 4068 sopian-
