2648 4446
149 320 190 384 44
379 316 449 376 PRO
468 315 496 370 P.
517 314 636 371 SESTIO
656 313 789 375 ORATIO
807 315 826 384 ὃ
844 313 955 368 86-88.

150 526 313 592 oppressa
337 510 513 586 teneretur,
545 506 714 591 praesidio
738 507 772 571 et
794 505 901 590 copiis
925 504 1060 570 delendi
1084 503 1187 570 vitam

150 625 182 687 et
215 620 400 687 libertatem
432 637 571 687 necesse
600 637 685 685 esse.
736 617 811 684 Hoc
839 618 960 683 sentire
989 616 1189 701 prudentiae

151 736 210 812 est,
238 733 344 799 iacere
372 731 586 810 tortitudinis,
622 733 655 797 et
681 732 803 797 sentire
825 749 904 796 vero
929 733 962 795 et
983 730 1090 795 iacere
1115 747 1189 818 per·

98 853 131 908 87
150 846 255 911 tectae
276 844 534 928 cumulataeque
550 843 690 909 virtutis.
706 880 749 889 —
764 841 856 908 Adiit
871 841 913 908 ad
931 860 1000 907 rem
1017 841 1189 926 publicam

150 957 302 1031 tribunus
331 957 374 1040 pl.
398 955 483 1021 Milo
513 954 569 1041 (de
597 954 693 1020 cuius
721 953 821 1019 laude
845 953 939 1038 plura
970 953 1089 1031 dicam,
1119 972 1189 1021 non

104 1064 115 1077 “
150 1087 219 1153 quo
243 1072 301 1134 aut
323 1069 396 1153 ipse
420 1068 502 1134 haec
526 1067 590 1133 dici
615 1085 716 1151 quam
741 1066 921 1132 existimari
939 1066 1033 1131 malit
1048 1068 1107 1131 aut
1122 1084 1190 1151 ego

150 1181 239 1246 bunc
277 1180 386 1246 laudis
424 1181 565 1245 fructum
606 1180 772 1264 praesenti
811 1178 952 1244 libenter
989 1178 1190 1262 impertiam,

152 1295 345 1379 praesertim
364 1313 440 1359 cum
458 1293 569 1360 verbis
586 1293 749 1375 consequi
766 1310 834 1358 non
852 1292 993 1377 possim,
1018 1291 1077 1357 sed
1095 1289 1190 1376 quod

150 1407 316 1484 existimo,
347 1408 374 1472 si
397 1405 538 1472 Milonis
567 1424 704 1472 causam
729 1405 932 1470 accusatoris
956 1421 1039 1470 voce
1063 1402 1190 1469 collau-

151 1518 262 1585 datam
287 1518 442 1604 probaro,
470 1536 532 1584 vos
556 1519 590 1582 in
614 1518 678 1583 hoc
701 1517 838 1582 crimine
862 1534 976 1600 parem
1001 1514 1087 1581 Sesti
1112 1533 1190 1581 cau-

151 1649 222 1697 sam
246 1630 521 1715 existimaturosl:
547 1629 628 1695 adiit
655 1629 755 1713 igitur
777 1626 813 1692 T.
831 1626 962 1693 Annius
986 1626 1028 1692 ad
1052 1645 1190 1693 causam

151 1744 196 1810 rei
232 1742 387 1828 publicae
422 1744 479 1821 sic,
515 1745 551 1807 ut
578 1743 683 1807 civem
715 1741 840 1824 patriae
868 1757 1063 1824 recuperare
1090 1738 1193 1806 vellet

151 1861 312 1941 ereptum.
359 1856 510 1941 Simplex
538 1875 649 1935 causa,
680 1859 840 1922 constans
863 1856 957 1934 ratio,
987 1855 1087 1940 plena
1111 1873 1191 1921 con·

151 1969 320 2036 sensionis
349 1970 512 2047 omnium,
542 1968 642 2053 plena
675 1967 885 2034 concordiae.
937 1967 1097 2051 Collegas
1133 1965 1192 2032 ad·

151 2083 276 2148 iutores
300 2081 460 2159 habebat;
491 2080 641 2147 consulis
665 2080 801 2146 alterius
826 2098 997 2145 summum
1027 2078 1190 2158 studium,

151 2193 285 2260 alterius
314 2195 447 2260 animus
472 2213 580 2278 paene
604 2193 765 2278 placatus,
801 2192 843 2258 de
867 2192 1077 2277 praetoribus
1101 2209 1192 2257 unus

152 2306 292 2383 alienus,
317 2309 454 2373 senatus
477 2305 682 2372 incredibilis
705 2304 873 2383 voluntas,
898 2305 1049 2388 equitum
1067 2302 1190 2376 Rorna-

152 2437 270 2486 norum
299 2420 402 2484 animi
426 2419 468 2484 ad
493 2437 629 2484 causam
654 2418 796 2496 excitati,
831 2419 939 2483 erecta
963 2416 1064 2482 ltalia.
1111 2416 1191 2482 Duo

152 2531 215 2597 soli
250 2533 344 2596 erant
377 2531 480 2615 empti
510 2530 553 2596 ad
582 2530 853 2614 impediendum;
889 2529 946 2614 qui
976 2530 1003 2594 si
1032 2528 1190 2595 homines

152 2642 301 2727 despecti
336 2646 368 2707 et
391 2644 576 2727 contempti
600 2645 726 2708 tantam
752 2661 820 2707 rem
845 2641 1010 2707 sustinere
1035 2658 1104 2705 non
1129 2658 1190 2725 po-

151 2756 303 2834 tuissent,
339 2774 375 2822 se
403 2774 550 2834 causam,
586 2773 687 2839 quam
717 2756 919 2839 susceperat,
956 2752 1049 2819 nullo
1076 2751 1192 2819 labore

152 2870 360 2952 peracturum
395 2867 541 2934 videbat.
590 2867 723 2952 Agebat
749 2867 953 2944 auctoritate,
982 2864 1105 2950 agebat
1133 2883 1193 2950 per

152 2998 321 3045 summum
339 2980 501 3058 ordinem,
518 2980 641 3064 agebat
654 2979 810 3065 exemplo
823 2979 991 3046 bonorum
1005 2996 1043 3043 ac
1055 2977 1192 3043 tortium

151 3093 288 3170 civium;
318 3092 399 3176 quid
423 3111 457 3158 re
481 3092 626 3178 publica,
651 3092 732 3177 quid
757 3111 793 3158 se
818 3092 959 3177 dignum
985 3093 1089 3168 esset,
1115 3089 1192 3174 quis

152 3204 223 3289 ipse
248 3207 346 3283 esset,
371 3204 453 3289 quid
477 3223 620 3289 sperare,
646 3204 727 3288 quid
752 3204 936 3269 maioribus
961 3203 1031 3268 suis
1052 3201 1193 3268 reddere

99 3322 133 3377 88
152 3315 304 3394 deberet,
351 3315 609 3400 diligentissime
654 3315 833 3400 cogitabat.
903 3315 991 3381 Huic
1036 3313 1191 3399 gravitati

152 3428 299 3494 hominis
327 3427 465 3494 videbat
492 3427 547 3494 ille
574 3427 741 3511 gladiator
763 3446 810 3506 se,
840 3429 868 3492 si
892 3427 1042 3494 moribus
1067 3428 1192 3511 ageret,

153 3558 265 3624 parem
302 3558 377 3606 esse
412 3559 481 3606 non
514 3558 631 3625 posse:
667 3540 709 3606 ad
738 3540 870 3618 terrum,
904 3540 1004 3618 iaces,
1040 3538 1083 3604 ad
1110 3539 1193 3605 coti·

154 3654 288 3719 dianam
324 3653 474 3731 caedem,
510 3652 675 3730 incendia,
711 3653 845 3736 rapinas
877 3669 1017 3717 secum
1047 3651 1193 3717 exercitu

152 3784 215 3832 suo
239 3765 388 3844 contulit,
414 3766 554 3833 domum
579 3783 789 3850 oppugnare,
813 3763 988 3830 itineribus
1010 3781 1192 3842 occurrere,

152 3879 184 3944 vi
212 3877 375 3944 lacessere
405 3880 438 3944 et
465 3880 584 3943 terrere
612 3877 732 3962 coepit.
777 3875 855 3942 Non
884 3876 991 3942 movit
1018 3875 1193 3941 bominem

147 4010 283 4056 summa
315 3991 481 4076 gravitate
516 4006 718 4075 summaque
745 3989 949 4066 constantim
984 3986 1045 4054 sed
1073 4005 1193 4072 quam-
