2648 4446
368 321 438 383 PRO
458 321 487 376 P.
506 321 626 377 SESTIO
646 320 779 382 ORATIO
797 320 816 389 §
834 319 944 376 76-78,
1131 321 1175 387 39

139 516 208 580 tam
243 513 459 598 magnificum
494 515 693 598 apparatum
728 530 797 579 non
828 511 992 596 privatum
1020 513 1079 576 aut
1104 509 1173 596 ple·

138 625 263 705 beium,
287 624 348 691 sed
372 625 547 710 patricium
571 626 604 690 et
620 624 822 709 praetorium
839 641 915 689 esse
930 622 1174 689 arbitrarentur.

224 850 316 917 Nihil
350 868 462 935 neque
497 851 573 915 ante
604 849 668 916 hoc
695 851 831 934 tempus
858 866 969 933 neque
996 848 1068 915 boc
1092 847 1174 929 lpso
1192 857 1226 911 77

139 962 455 1029 turbulentissimo
478 960 537 1027 dle
560 960 782 1027 criminamini
799 959 956 1026 Sestium.
993 957 1107 1045 ‘Atqui
1122 959 1174 1027 vis

140 1072 175 1139 in
190 1073 264 1140 ioro
279 1076 409 1140 versata
424 1066 497 1140 est.³
535 1072 647 1152 Certe;
666 1071 805 1158 quando
822 1073 912 1139 enim
928 1072 1056 1140 maior?
1077 1073 1174 1158 Lapi-

141 1185 296 1252 dationes
312 1203 475 1270 persaepe
490 1184 648 1264 vidimus,
672 1203 742 1251 non
758 1185 802 1250 ita
819 1202 932 1269 saepe,
956 1184 1016 1250 sed
1032 1185 1173 1251 nimium

142 1298 254 1363 tamen
289 1316 391 1383 saepe
425 1297 574 1383 gladi0s3
608 1296 747 1363 caedem
781 1313 862 1362 vero
891 1298 1029 1376 tantam,
1062 1297 1174 1364 tantos

141 1427 277 1476 acervos
307 1427 487 1495 corporum
515 1411 701 1476 exstructos
729 1407 794 1474 nisi
821 1407 905 1474 iorte
932 1407 990 1475 illo
1018 1407 1174 1476 Cinnano

139 1522 240 1606 atque
275 1520 462 1589 Octaviano
499 1521 554 1588 die
588 1521 665 1606 quis
699 1537 862 1604 umquam
896 1519 930 1585 in
964 1521 1037 1587 loro
1070 1520 1175 1588 vidit?

139 1632 217 1714 Qua
245 1651 287 1699 ex
313 1633 537 1699 concitatione
564 1633 776 1699 animorum?
820 1633 907 1700 Nam
931 1650 972 1698 ex
995 1633 1174 1717 pertinacia

145 1747 204 1811 aut
225 1746 412 1812 constantia
436 1745 664 1812 intercessoris
688 1745 791 1812 oritur
813 1763 916 1830 saepe
939 1744 1061 1812 seditio
1076 1745 1174 1831 culpa

140 1859 242 1943 atque
270 1858 484 1943 improbitate
512 1857 627 1924 latoris
653 1857 837 1925 commodo
860 1857 975 1942 aliquo
999 1858 1174 1943 proposito

142 1969 304 2055 imperitis
331 1972 389 2036 aut
416 1970 604 2056 largitione,
633 1969 737 2037 oritur
764 1989 804 2036 ex
831 1970 1077 2037 concertatione
1105 1989 1174 2037 ma·

144 2082 354 2166 gistratuum‚
378 2083 481 2149 oritur
503 2083 629 2148 sensim
654 2100 695 2147 ex
710 2081 856 2149 clamore
872 2083 1027 2167 primurn,
1052 2082 1174 2149 deinde

141 2192 254 2278 aliqua
270 2193 477 2261 discessione
493 2194 670 2274 contionis,
693 2195 750 2261 vix
766 2212 840 2261 sero
857 2196 889 2261 et
905 2212 978 2261 raro
993 2193 1037 2260 ad
1053 2212 1174 2261 manus

140 2306 344 2389 pervenitur:
390 2306 483 2374 nullo
516 2324 596 2373 vero
629 2306 733 2374 verbo
767 2307 864 2385 iacto,
898 2304 989 2371 nulla
1016 2306 1174 2372 contione

138 2416 311 2496 advocata,
340 2417 431 2484 nulla
455 2417 520 2484 lata
544 2418 620 2504 lege
642 2420 841 2486 concitatam
866 2419 1062 2485 nocturnam
1086 2417 1173 2484 sedi-

138 2529 265 2597 tionem
299 2530 376 2614 quis
411 2531 560 2597 audivit?
603 2531 655 2598 An
689 2532 758 2598 veri
793 2530 901 2597 simile
934 2531 994 2610 est,
1030 2531 1066 2595 ut
1092 2530 1173 2596 civis
1192 2536 1226 2592 78

142 2641 315 2715 Romanus
350 2645 408 2708 aut
441 2643 545 2710 horno
573 2643 657 2710 liber
683 2644 864 2729 quisquam
892 2660 968 2708 cum
996 2641 1112 2727 gladio
1139 2642 1172 2706 in

140 2753 248 2820 iorum
273 2754 483 2820 descenderit
504 2758 581 2822 ante
605 2755 725 2835 lucem,
750 2774 792 2822 ne
816 2755 858 2822 de
882 2773 936 2821 me
955 2755 1029 2821 ierri
1046 2755 1173 2839 patere·

144 2866 205 2945 tur,
233 2868 363 2951 praeter
385 2885 455 2946 eos,
484 2868 542 2952 qui
566 2867 608 2933 ab
632 2867 690 2934 illo
714 2867 872 2953 pestifero
895 2885 933 2933 ac
956 2865 1087 2951 perdito
1110 2866 1172 2932 civi

141 2976 208 3043 iam
236 2977 366 3062 pridem
393 2978 438 3045 rei
467 2979 622 3064 publicae
650 2980 816 3065 sanguine
844 2978 1061 3064 saginantur?
1110 2977 1173 3045 Hic

141 3089 208 3155 iam
233 3089 276 3156 de
299 3091 374 3176 ipso
398 3093 590 3158 accusatore
614 3109 750 3176 quaero,
778 3091 836 3176 qui
859 3090 895 3156 P.
920 3090 1066 3157 Sestium
1090 3109 1170 3176 que·
1254 3152 1258 3160 .

137 3201 217 3268 ritur
242 3221 318 3269 cum
346 3202 560 3269 multitudine
588 3204 621 3269 in
648 3203 819 3269 tribunatu
847 3206 879 3269 et
901 3221 978 3269 cum
1002 3201 1171 3287 praesidio

141 3331 268 3400 magno
295 3314 410 3394 luisse,
446 3333 525 3381 num
554 3314 612 3381 illo
641 3315 695 3382 die
722 3315 828 3381 luerit.
879 3313 976 3381 Certe
1003 3332 1072 3380 non
1099 3313 1170 3378 luit.

135 3424 229 3492 Victa
252 3426 354 3511 igitur
376 3428 427 3492 est
449 3444 550 3493 causa
570 3426 799 3511 reipublicae,
823 3428 856 3492 et
869 3426 956 3492 victa
973 3443 1041 3491 non
1057 3425 1170 3510 auspi·

138 3535 208 3616 ciiS,
232 3555 300 3604 non
325 3539 574 3619 intercessione,
603 3557 671 3604 non
696 3537 874 3623 suiiragiis,
903 3536 963 3603 sed
985 3537 1029 3616 vi,
1056 3555 1169 3617 manu,

135 3647 231 3715 iemo.
276 3649 363 3716 Nam
392 3651 421 3716 si
449 3650 684 3718 obnuntiasset
706 3649 858 3717 Fabricio
886 3649 914 3714 is
941 3650 1083 3734 praetor,
1111 3648 1169 3734 qui

137 3778 174 3826 se
202 3779 353 3828 servasse
381 3762 424 3828 de
450 3763 545 3829 caelo
573 3762 709 3841 dixerat,
743 3763 928 3847 accepisset
955 3779 1007 3827 res
1035 3760 1168 3847 publica

136 3871 282 3958 plagam,
306 3874 367 3940 sed
391 3893 476 3954 earn,
501 3893 602 3960 quam
627 3877 797 3959 acceptam
824 3892 959 3959 gernere
986 3875 1116 3959 posset;
1140 3873 1168 3940 si

135 3984 379 4053 intercessisset
400 3987 531 4072 collega
547 3987 710 4068 Fabricio,
734 3986 888 4053 laesisset
901 4005 974 4054 rem
987 3985 1177 4071 publicam,
