2648 4446
168 304 209 372 24
397 304 467 365 PRO
486 304 513 359 P.
534 305 654 362 SESTIO
673 305 806 365 ORATIO
825 307 843 376 §
861 307 971 362 47—49.

169 497 321 561 tissimos
355 496 511 562 homines
542 497 628 562 hanc
658 499 909 565 contentionem
937 499 1051 578 luisse,
1087 501 1124 564 ut
1154 501 1214 567 alii

168 608 316 674 dicerent
338 609 471 675 animos
496 609 671 674 hominum
696 628 886 695 sensusque
910 614 1016 677 morte
1032 613 1214 697 restingui,

167 720 222 786 alii
246 724 358 787 autem
383 723 454 786 tum
478 722 624 788 maxime
648 725 779 788 mentes
796 724 999 807 sapientium
1015 742 1054 789 ac
1070 724 1213 791 fortium

166 833 324 912 virorum,
337 851 413 898 cum
428 852 469 900 ex
480 852 620 919 corpore
633 835 866 914 excessissent,
884 837 1005 901 sentire
1018 855 1056 902 ac
1067 837 1216 921 vigere?

168 964 312 1030 quorum
341 946 481 1011 alterum
509 945 709 1031 fugiendum
738 965 807 1012 non
836 965 921 1026 esse,
952 966 1061 1014 carere
1091 967 1214 1029 sensu,

115 1064 150 1119 48
168 1057 308 1123 alterum
333 1058 433 1123 etiam
460 1057 659 1143 optandum,
683 1058 820 1124 meliore
845 1078 920 1125 esse
937 1062 1063 1126 sensu?
1085 1098 1121 1108 -
1142 1061 1213 1129 De-

168 1171 281 1254 nique,
311 1189 387 1236 cum
417 1171 531 1236 omnia
559 1189 692 1255 semper
715 1170 757 1236 ad
781 1171 979 1256 dignitatem
1004 1174 1211 1241 rettulissem

169 1301 230 1348 nec
264 1282 336 1348 sine
365 1301 404 1348 ea
440 1283 625 1368 quidquam
659 1284 884 1368 expetendum
914 1303 989 1352 esse
1018 1286 1149 1353 homini
1178 1289 1212 1353 in

168 1395 235 1460 vita
259 1397 442 1481 putassem,
467 1398 619 1474 mortem,
644 1414 745 1480 quam
770 1397 870 1462 etiam
894 1397 1041 1482 virgines
1063 1396 1214 1465 Athenis

169 1507 267 1592 regis,
292 1508 423 1593 opinor,
448 1507 621 1574 Erechthei
644 1508 733 1574 tiliae
758 1527 818 1594 pro
840 1511 945 1594 patria
961 1512 1214 1596 contempsisse

169 1620 333 1699 dicuntur,
351 1638 417 1704 ego
429 1621 479 1686 vir
490 1620 675 1687 consularis
688 1621 788 1687 tantis
801 1621 901 1687 rebus
915 1623 1018 1706 gestis
1032 1623 1215 1690 timerem?

170 1733 362 1818 praesertim
384 1750 460 1797 cum
478 1735 551 1797 eius
567 1750 677 1797 essem
693 1734 857 1808 civitatis,
882 1752 924 1801 ex
939 1753 1005 1818 qua
1019 1734 1056 1801 C.
1073 1735 1212 1803 Mucius

169 1846 263 1911 solus
287 1844 321 1908 in
344 1846 450 1910 castra
474 1843 665 1910 Porsennae
688 1845 837 1911 venisset
861 1864 1007 1930 eumque
1024 1846 1214 1915 interficere

170 1957 343 2042 proposita
368 1956 431 2022 sibi
456 1959 562 2022 morte
585 1960 727 2022 conatus
751 1960 855 2036 esset;
878 1976 919 2023 ex
942 1977 1008 2043 qua
1029 1958 1064 2024 Ρ.
1083 1959 1215 2027 Decius

170 2071 314 2155 primum
338 2071 441 2153 pater,
466 2071 544 2153 post
567 2068 696 2153 aliquot
719 2088 827 2135 annos
851 2071 956 2154 patria
976 2071 1096 2137 virtute
1114 2091 1214 2158 prae·

170 2182 260 2248 ditus
283 2181 373 2247 lilius
398 2200 434 2248 se
459 2200 497 2247 ac
520 2181 622 2247 vitam
647 2200 743 2248 suam
760 2182 919 2249 instructa
936 2184 1006 2250 acie
1022 2203 1082 2269 pro
1100 2185 1213 2252 salute

171 2296 288 2380 populi
311 2294 455 2368 Romani
483 2295 689 2378 victoriaque
720 2294 927 2374 devovisset3
955 2315 996 2362 ex
1020 2315 1086 2382 qua
1110 2298 1214 2364 innu-

170 2407 347 2474 merabiles
378 2406 433 2472 alii
457 2407 576 2491 partim
601 2406 839 2491 adipiscendae
863 2407 982 2488 laudis,
1018 2410 1137 2494 partim
1161 2411 1212 2477 vi·

169 2521 292 2587 tandae
305 2519 521 2605 turpitudinis
533 2539 635 2587 causa
649 2524 790 2587 mortem
805 2523 838 2586 in
850 2522 950 2587 variis
963 2521 1060 2588 bellis
1076 2524 1214 2608 aequis·

171 2633 266 2699 simis
289 2633 411 2698 animis
435 2634 661 2718 oppetissent3
689 2634 722 2699 in
747 2652 813 2718 qua
837 2635 968 2701 civitate
992 2635 1066 2719 ipse
1090 2637 1213 2702 memi-

171 2746 296 2811 nissem
315 2748 442 2831 patrem
462 2746 562 2811 huius
580 2746 626 2810 Nl.
648 2745 770 2824 Crassi,
786 2747 1005 2813 fortissimum
1021 2748 1147 2828 virum,
1171 2767 1216 2815 ne

169 2857 297 2924 videret
306 2858 465 2924 victorem
478 2859 575 2924 vivus
588 2859 771 2937 inimicum,
785 2858 904 2925 eadem
917 2859 981 2924 sibi
993 2877 1094 2925 manu
1106 2860 1213 2927 vitam

171 2970 377 3049 exhausisse,
403 2988 470 3054 qua
494 2972 635 3036 mortem
660 2989 762 3055 saepe
786 2971 941 3037 hostibus
965 2971 1169 3038 obtulisset?

119 3090 154 3145 49
259 3082 352 3147 Haec
375 3100 441 3167 ego
465 3085 498 3148 et
520 3083 624 3148 multa
647 3083 711 3149 alia
733 3084 886 3168 cogitans
910 3084 973 3149 hoc
989 3083 1158 3163 videbam,
1185 3085 1214 3150 si

171 3212 307 3261 causam
329 3194 497 3279 publicam
515 3214 590 3261 mea
607 3213 697 3261 mors
715 3196 922 3279 peremisset,
947 3196 1118 3262 neminem
1137 3215 1213 3262 nm-

172 3325 273 3391 quam
309 3307 390 3386 tore,
426 3307 484 3392 qui
519 3308 656 3373 auderet
690 3308 860 3392 suscipere
890 3311 1004 3374 contra
1034 3308 1214 3394 improbos

172 3421 262 3486 cives
290 3419 432 3486 salutem
461 3421 506 3486 rei
536 3420 700 3504 publicae.
747 3420 860 3505 ltaque
895 3440 963 3487 non
988 3421 1099 3487 solum
1124 3422 1155 3487 si
1182 3422 1215 3488 vi

172 3533 370 3611 interissem,
395 3533 579 3599 sedetiam
604 3532 631 3598 si
656 3534 776 3599 morbo
793 3532 975 3599 exstinctus
992 3552 1114 3612 essem,
1141 3534 1215 3600 lore

153 3644 1216 3729 -putabamutexemplumreipublicaeconservandae

172 3775 304 3823 mecum
340 3756 440 3822 simul
474 3758 629 3824 interiret.
682 3757 769 3838 Quis
798 3759 887 3823 enim
917 3775 1078 3843 umquam
1110 3776 1164 3823 me
1195 3777 1214 3825 a

172 3873 291 3936 senatu
325 3869 523 3955 populoque
554 3870 709 3943 Romano
737 3872 830 3936 tanto
858 3870 1009 3936 omniurn
1039 3870 1213 3937 bonorum

173 3983 286 4049 studio
311 4000 379 4049 non
404 3985 566 4062 restituto,
591 3982 684 4067 quod
708 3985 804 4063 certe,
829 3983 857 4048 si
881 4000 991 4049 essem
1009 3983 1215 4062 interlectos,
