2648 4446
376 321 446 383 pao
465 321 494 377 a.
514 321 633 377 sasno
653 321 786 382 ortano
805 323 824 390 p
841 322 935 377 9-11.
1156 323 1178 389 5

141 514 221 580 belli
249 513 518 598 opportunitates
546 513 588 579 ab
618 512 673 579 illa
703 513 806 597 impia
834 515 867 579 et
893 512 1052 578 scelerata
1076 533 1178 580 manu

141 626 295 711 temptari
319 624 589 710 suspicabamur:
614 624 651 691 C.
668 624 899 704 Mevulanum,
922 624 1093 690 tribunum
1118 626 1179 691 mi-

141 739 236 804 litum
252 737 389 815 Antoni,
414 736 532 821 Capua
553 737 769 822 praecipitem
786 737 892 815 eiecit,
916 737 1089 803 hominem
1106 756 1179 824 per·

141 851 248 917 ditum
277 852 310 915 et
337 867 406 915 non
434 848 576 914 obscure
599 848 728 915 Pisauri
755 852 788 915 et
811 850 844 914 in
868 849 943 916 aliis
966 851 1036 936 agri
1061 849 1180 917 Gallici

141 962 293 1048 partibus
328 961 362 1026 in
392 960 447 1026 illa
475 961 705 1026 coniuratione
732 965 918 1041 versatum;
952 962 1112 1048 idemque
1141 962 1179 1030 C.

141 1073 348 1152 Marcellum,
365 1091 441 1138 cum
459 1073 487 1138 is
504 1091 572 1139 non
590 1073 744 1158 Capuam
760 1074 872 1141 solum
888 1076 1047 1154 venisset,
1062 1093 1179 1141 verum

143 1188 243 1254 etiam
268 1205 304 1252 se
327 1186 424 1271 quasi
449 1204 617 1252 armorum
641 1186 754 1252 studio
771 1187 805 1251 in
822 1188 1003 1253 maximam
1019 1187 1179 1254 familiam

142 1300 350 1378 coniecisset,
375 1298 666 1364 exterminandum
689 1317 731 1365 ex
755 1299 810 1365 illa
830 1299 912 1365 urbe
928 1300 1063 1366 curavit.
1103 1300 1181 1382 Qua

142 1412 185 1478 de
212 1430 314 1478 causa
342 1414 375 1477 et
401 1414 472 1476 tum
496 1413 683 1477 conventus
708 1410 762 1476 ille
787 1411 935 1496 Capuae,
964 1413 1022 1496 qui
1046 1415 1182 1497 propter

142 1524 285 1591 salutem
321 1523 410 1589 illius
438 1522 530 1588 urbis
558 1522 735 1589 consulatu
763 1527 993 1590 conservatam
1022 1543 1099 1590 meo
1127 1542 1182 1590 me

143 1656 248 1703 unum
284 1638 462 1723 patronum
491 1635 674 1721 adoptavit,
708 1637 785 1701 huic
813 1636 905 1721 apud
934 1656 989 1703 me
1018 1638 1181 1703 maximas

143 1751 268 1835 gratias
295 1750 373 1834 egit,
405 1751 437 1814 et
464 1749 529 1815 hoc
554 1752 705 1834 tempore
730 1749 839 1815 eidem
864 1750 1020 1816 homines
1044 1751 1182 1816 nomine

143 1864 350 1928 commutato
393 1861 504 1928 coloni
543 1860 826 1947 decurionesque,
871 1862 1043 1928 tortissimi
1081 1866 1182 1948 atque

143 1975 262 2060 optimi
285 1975 356 2053 viri,
381 1973 584 2040 beneficium
607 1973 643 2039 P.
672 1972 759 2040 Sesti
783 1975 978 2041 testimonio
1002 1975 1181 2055 declarant,

143 2087 327 2172 periculum
351 2086 490 2169 decreto
519 2104 582 2152 suo
614 2086 843 2172 deprecantur.
889 2086 1012 2166 Recita,
1041 2106 1181 2173 quaeso
1202 2095 1234 2151 10

144 2200 178 2264 L.
204 2198 301 2277 Sesti,
337 2198 418 2283 quid
447 2198 609 2264 decrerint
637 2199 775 2283 Capuae
807 2199 1016 2278 decuriones,
1052 2201 1182 2267 utiam

145 2310 282 2396 puerilis
315 2313 372 2376 tua
406 2328 473 2376 vox
508 2310 616 2394 possit
653 2311 781 2396 aliquid
820 2311 1009 2396 significare
1040 2313 1183 2378 inimicis

143 2424 273 2519 uestris,
301 2423 475 2509 quidnam,
503 2441 579 2488 cum
604 2441 641 2488 se
668 2423 898 2503 conoborarit,
927 2424 1084 2491 effectura
1107 2443 1183 2491 esse

142 2536 303 2602 videatur.
364 2535 613 2604 DECURIONUM
642 2543 814 2605 DECRETA.
870 2536 948 2603 Non
986 2537 1087 2604 recito
1126 2538 1182 2603 de-

144 2651 269 2714 cretum
298 2649 410 2716 oilicio
439 2649 553 2734 aliquo
581 2667 777 2733 expressum
800 2649 978 2715 vicinitatis
1003 2652 1060 2715 aut
1082 2649 1182 2716 clien-

143 2761 229 2827 telae
253 2763 310 2827 aut
333 2761 470 2846 hospitii
495 2761 630 2846 publici,
655 2763 713 2827 aut
728 2760 922 2826 ambitionis
938 2764 996 2827 aut
1012 2779 1182 2827 commen-

145 2872 291 2940 dationis
308 2874 423 2959 gratia,
445 2873 505 2939 sed
522 2874 624 2939 recito
641 2874 837 2940 memoriam
855 2873 1018 2958 perfuncti
1035 2874 1181 2958 periculi,

146 2985 429 3070 praedicationem
446 2985 646 3069 amplissimi
659 2985 825 3063 beneficii,
841 3003 961 3051 vocem
975 2985 1075 3052 oflicii
1089 3005 1182 3071 prae-

145 3098 260 3176 sentis
284 3098 513 3164 testimonium
538 3098 703 3183 praeteriti
726 3098 898 3182 temporis.
922 3138 966 3146 -
987 3099 1098 3185 Atque
1118 3099 1183 3165 illis
1203 3106 1232 3162 11

144 3208 355 3294 temporibus
379 3209 517 3289 eisdem,
545 3229 621 3276 cum
650 3211 717 3276 iam
745 3211 899 3297 Capuam
934 3215 1025 3278 metu
1053 3211 1182 3279 Sestius

144 3322 329 3402 liberasset,
354 3322 470 3388 urbem
492 3326 628 3389 senatus
644 3327 746 3409 atque
762 3343 882 3391 omnes
899 3325 980 3391 boni
997 3325 1182 3409 deprehen-

145 3434 191 3500 sis
222 3438 324 3520 atque
351 3435 525 3519 oppressis
555 3435 749 3502 domesticis
776 3437 932 3503 hostibus
956 3456 1009 3502 me
1033 3437 1118 3502 duce
1142 3456 1184 3502 ex

145 3547 300 3631 periculis
324 3548 479 3614 maximis
503 3549 731 3628 extraxissent,
756 3568 822 3635 ego
846 3549 961 3616 litteris
980 3549 1016 3614 P.
1034 3548 1181 3615 Sestium

147 3658 263 3744 Capua
294 3661 450 3726 arcessivi
479 3679 555 3726 cum
580 3660 637 3726 illo
662 3663 816 3741 exercitu,
846 3680 948 3747 quem
971 3665 1042 3727 tum
1067 3680 1181 3728 secum

146 3770 301 3838 habebat.
352 3772 486 3854 Quibus
521 3773 574 3839 hic
608 3773 723 3839 litteris
752 3774 845 3840 lectis
873 3774 915 3840 ad
944 3776 1072 3840 urbem
1103 3793 1182 3840 con·

145 3883 256 3948 testim
280 3884 464 3950 incredibili
487 3885 653 3951 celeritate
677 3886 856 3952 advolavit.
901 3886 1011 3972 lltque
1034 3889 1070 3951 ut
1094 3885 1182 3952 illius

145 3995 307 4079 temporis
330 3997 536 4063 atrocitatem
560 3998 725 4064 recordari
749 3999 905 4084 possitis,
924 3998 1046 4064 audite
1059 3998 1200 4058 tesseras
