2648 4446
316 315 387 376 prro
404 315 432 370 Ρ.
452 315 573 372 sesno
592 315 726 378 onnno
744 317 763 386 s
780 316 891 372 ss-n.
1081 319 1124 386 35

87 507 263 588 didissent,
290 508 359 593 qui,
388 526 465 574 cunr
489 507 523 573 in
547 510 667 574 senatu
690 506 819 591 privati,
846 509 883 573 ut
905 507 947 573 de
970 526 1025 574 me
1048 526 1123 575 sen·

86 620 208 687 tentias
243 619 400 699 dicerent,
434 618 642 704 flagitabant,
677 618 788 704 legem
823 619 869 685 illi
900 638 937 686 se
967 620 1122 688 Clodiam

86 733 203 799 timere
238 731 404 811 dicebant,
439 750 515 797 cum
544 731 608 798 hoc
637 750 706 798 non
734 734 876 816 possent
903 732 969 798 iam
997 732 1123 800 diutius

87 845 266 911 sustinere:
302 844 403 910 initur
436 843 614 910 consilium
646 842 688 910 de
717 843 851 909 interitu
881 843 942 911 Cn.
970 844 1122 930 Pompei.

87 956 167 1038 Quo
192 956 359 1042 patefacto
380 955 535 1041 ferroque
559 955 771 1040 deprehenso
792 955 847 1023 ille
863 956 1013 1023 inclusus
1029 957 1122 1024 domi

86 1070 155 1135 tam
186 1068 244 1134 diu
266 1067 337 1147 fuit,
367 1085 470 1153 quam
499 1066 557 1133 diu
587 1067 742 1134 inimicus
766 1086 863 1135 meus
886 1069 920 1134 in
943 1068 1123 1136 tribunatu.

85 1181 202 1247 -De
225 1199 301 1247 meo
326 1180 433 1246 reditu
457 1183 545 1248 octo
560 1180 697 1247 trlbunl
718 1181 1059 1266 promulgaverim
1082 1200 1124 1248 ex

87 1311 156 1378 quo
180 1292 384 1359 intellectum
409 1294 461 1358 est
484 1309 554 1358 non
578 1291 659 1357 mihi
676 1291 808 1358 absenti
824 1294 967 1359 crevisse
983 1294 1121 1373 amicos,

87 1405 121 1471 in
144 1424 183 1471 ea
207 1405 401 1491 praesertim
424 1404 567 1484 fortuna,
591 1405 626 1469 in
646 1423 713 1490 qua
730 1405 883 1472 nonnulli
899 1406 1010 1485 etiam,
1034 1424 1123 1492 quos

87 1535 162 1583 esse
179 1519 384 1602 putaveram,
409 1535 478 1584 non
495 1518 597 1596 erant,
614 1515 674 1582 sed
691 1535 751 1583 eos
766 1516 973 1584 voluntatem
990 1536 1124 1603 semper

86 1628 245 1708 eandem,
280 1628 467 1695 libertatem
503 1646 572 1694 non
607 1628 749 1695 eandem
784 1647 918 1715 semper
951 1630 1121 1696 habuisse.

85 1741 174 1808 Nam
205 1759 246 1807 ex
271 1760 394 1808 novem
417 1740 570 1821 tribunis,
599 1759 687 1827 quos
710 1743 789 1808 tunc
812 1741 1005 1823 habueram,
1034 1761 1122 1809 unus

86 1872 142 1920 me
165 1853 305 1920 absente
329 1853 478 1933 defluxit,
502 1854 561 1939 qui
583 1872 775 1939 cognomen
800 1854 863 1920 sibi
888 1874 929 1922 ex
950 1855 1121 1923 Aeliorum

86 1966 292 2052 imaginibus
326 1966 474 2051 arripuit
509 1985 579 2051 quo
613 1967 723 2052 magis
757 1968 903 2034 nationis
937 1969 1010 2035 eius
1045 1987 1120 2035 esse

86 2097 189 2164 quam
219 2079 353 2163 generis
381 2078 558 2145 videretur.
605 2078 679 2145 Hoc
706 2080 807 2165 igitur
832 2099 923 2146 anno
948 2082 1120 2166 magistra·
1140 2089 1175 2144 70

85 2189 178 2255 tibus
200 2191 299 2257 novis
322 2190 507 2276 designatis
530 2210 606 2258 cum
631 2210 750 2258 omnes
774 2191 855 2258 boni
872 2210 1008 2258 ornnem
1026 2212 1121 2278 spem

87 2301 236 2369 melioris
259 2304 365 2368 status
389 2303 422 2368 in
439 2321 555 2370 eorum
571 2303 674 2370 fidem
691 2304 943 2383 convertissent,
968 2305 1122 2391 princeps

85 2414 121 2480 P.
148 2414 311 2480 Lentulus
345 2415 539 2483 auctoritate
573 2436 612 2484 ac
647 2416 811 2484 sententia
846 2434 907 2482 sua
935 2416 1059 2484 Pisone
1089 2421 1122 2484 et

86 2525 234 2597 Gabinio
268 2527 537 2613 repugnantibus
567 2547 704 2595 causam
732 2529 880 2614 suscepit
910 2529 1121 2615 tribunisque

86 2638 129 2724 pl.
155 2641 231 2706 octo
255 2640 473 2706 referentibus
498 2642 819 2725 praestantissimam
844 2641 886 2708 de
910 2660 965 2708 me
988 2644 1120 2708 senten-

85 2751 165 2816 tiam
200 2750 292 2817 dixit.
343 2751 411 2833 Qui
445 2771 521 2819 curn
556 2752 599 2819 ad
635 2753 776 2838 gloriam
811 2771 907 2820 suam
942 2755 1044 2838 atque
1078 2754 1120 2820 ad

86 2863 285 2948 amplissimi
313 2864 467 2931 beneficii
495 2866 636 2950 gratiam
665 2867 774 2951 magis
803 2866 967 2951 pertinere
995 2865 1122 2932 videret

85 2992 222 3041 causam
243 2976 333 3042 illam
350 2977 514 3062 integram
532 2977 574 3044 ad
591 2996 690 3044 suum
707 2978 920 3045 consulatum
937 2981 1120 3058 rerservari,

84 3089 198 3153 tamen
222 3105 289 3154 rem
313 3090 413 3156 talem
438 3109 498 3176 per
520 3090 606 3174 alios
629 3091 726 3157 citius
747 3109 849 3176 quarn
867 3110 926 3176 per
941 3109 977 3158 se
994 3091 1120 3158 tardius

84 3198 204 3266 confici
228 3200 384 3267 malebat.

171 3536 245 3604 Hoc
269 3537 399 3604 interim
423 3541 575 3623 tempore
599 3538 633 3604 Ρ.
652 3538 791 3619 SestiuS,
816 3540 954 3619 iudices,
978 3542 1056 3606 iter
1070 3540 1121 3607 ad
1139 3551 1169 3604 71

84 3646 121 3713 C.
139 3647 356 3717 Caesarem
379 3669 440 3735 pro
464 3670 539 3717 mea
563 3651 671 3718 salute
695 3653 852 3737 suscepit.
891 3652 983 3734 Quid
1005 3654 1118 3738 egerit,

83 3764 248 3845 quantum
262 3763 445 3849 profecerit,
463 3764 546 3829 nibil
562 3763 605 3829 ad
618 3782 755 3830 causam
769 3763 941 3850 (equidem
953 3766 1118 3844 existimo,

83 3873 112 3938 si
140 3872 206 3953 ille,
236 3876 272 3940 ut
299 3875 447 3954 arbitror,
476 3893 606 3960 aequus
630 3875 729 3942 nobis
752 3876 859 3955 fuerit,
883 3876 965 3942 nihil
988 3877 1031 3942 ab
1055 3878 1119 3944 hoc

83 3986 280 4070 proiectum,
310 3987 361 4052 sin
390 3988 510 4066 iratior,
540 4007 608 4053 non
637 3988 809 4075 multum);
840 3989 899 4054 sed
927 3991 1041 4054 tamen
1067 4007 1118 4053 se-

948 4108 987 4160 ‘33³⁵
