2648 4446
362 305 432 366 PRO
451 304 478 358 P.
499 304 618 360 SESTIO
637 303 770 364 ORATIO
788 304 806 372 ὃ
827 303 971 358 139-141.
1141 306 1184 373 67

145 499 178 562 et
200 496 305 574 iactis,
334 496 416 562 haec
439 497 641 581 accepimus,
670 494 752 560 haec
775 493 931 580 legimus.
978 495 1099 579 Neque
1123 514 1183 562 eos

146 609 179 673 in
196 607 296 673 laude
311 609 442 693 positos
458 607 624 686 videmus,
649 606 707 693 qui
723 607 901 673 incitarunt
917 607 1105 692 aliquando
1122 627 1182 693 po·

144 720 214 805 puli
231 721 365 786 animos
381 720 423 786 ad
441 719 653 797 seditionem,
671 722 728 785 aut
740 720 798 805 qui
816 718 992 804 largitione
1006 723 1184 786 caecarunt

146 834 275 919 mentes
299 832 539 917 imperitorum,
564 834 622 897 aut
645 833 703 917 qui
726 832 829 898 tortes
853 834 886 897 et
908 831 1015 898 claros
1038 833 1129 899 viros
1150 835 1184 899 et

145 945 232 1010 bene
256 944 298 1011 de
322 963 356 1010 re
379 944 514 1030 publica
534 945 672 1011 meritos
688 945 722 1008 in
739 944 899 1010 invidiam
916 944 1067 1029 aliquam
1084 963 1183 1012 voca·

144 1061 276 1123 verunt:
306 1057 397 1123 leves
421 1057 484 1123 hos
508 1075 642 1142 semper
664 1057 768 1122 nostri
792 1057 948 1122 homines
976 1059 1010 1123 et
1038 1056 1184 1123 audaces

146 1171 178 1235 et
201 1170 309 1236 malos
333 1173 366 1237 et
389 1171 598 1255 perniciosos
614 1170 703 1235 cives
720 1170 931 1253 putaverunt.
969 1167 1012 1234 At
1027 1187 1108 1235 vero
1125 1170 1184 1255 qui

146 1283 265 1348 horum
278 1284 426 1368 impetus
439 1286 472 1349 et
487 1285 629 1349 conatus
645 1284 884 1367 represserunt,
902 1282 959 1366 qui
977 1281 1185 1360 auctoritate,

147 1395 204 1479 qui
227 1395 305 1474 tide,
333 1397 391 1480 qui
415 1395 613 1473 constantia,
638 1395 696 1478 qui
720 1394 954 1479 magnitudine
977 1394 1079 1459 animi
1104 1411 1185 1458 con·

146 1506 228 1573 siliis
253 1506 431 1573 audacium
456 1508 660 1575 restiterunt:
685 1507 718 1572 hi
735 1524 865 1591 graves,
890 1506 924 1571 hi
945 1506 1125 1591 principes,
1148 1506 1186 1570 hi

146 1617 260 1696 duces,
298 1619 331 1684 hi
371 1621 523 1685 auctores
561 1619 662 1684 huius
699 1619 872 1704 dignitatis
910 1620 1011 1702 atque
1050 1618 1185 1703 imperii

146 1749 281 1815 semper
304 1730 407 1796 habiti
433 1734 521 1797 sunt.

232 1841 279 1909 Ac
296 1861 338 1908 ne
354 1844 431 1928 quis
450 1861 492 1910 ex
509 1845 624 1911 nostro
640 1847 698 1911 aut
713 1843 902 1928 aliquorum
919 1846 1088 1929 praeterea
1102 1859 1182 1911 casu
1203 1851 1253 1907 140

145 1955 230 2022 hanc
245 1957 333 2022 vitae
349 1956 438 2022 viam
452 1957 674 2040 pertimescat,
691 1974 780 2022 unus
797 1957 830 2021 in
844 1957 906 2022 hac
918 1957 1062 2035 civitate,
1080 1974 1182 2041 quem

145 2067 282 2151 quidem
300 2086 365 2152 ego
382 2085 524 2154 possum
541 2068 660 2148 dicere,
685 2070 852 2154 praeclare
866 2070 916 2135 vir
932 2068 974 2136 de
991 2088 1025 2135 re
1045 2068 1182 2154 publica

147 2180 294 2259 meritus,
307 2179 341 2245 L.
356 2179 524 2265 Opimius,
538 2181 773 2266 indignissime
786 2182 947 2260 concidit;
960 2183 1183 2250 cuiusmonu-

146 2293 296 2357 mentum
320 2292 571 2359 celeberrimum
596 2294 630 2358 in
653 2293 736 2372 toro,
761 2294 976 2379 sepulchrum
993 2294 1181 2361 desertissi-

144 2420 236 2469 mum
269 2404 302 2469 in
325 2404 420 2471 litore
443 2405 650 2492 Dyrrachino
674 2405 823 2472 relictum
847 2407 906 2472 est.
952 2405 1064 2491 Atque
1094 2407 1183 2474 hunc

143 2516 254 2581 tamen
278 2516 477 2602 flagrantem
500 2518 626 2584 invidia
643 2521 778 2603 propter
794 2519 962 2585 interitum
981 2519 1018 2586 C.
1040 2519 1180 2586 Gracchi

144 2645 277 2713 semper
300 2630 373 2714 ipse
397 2629 546 2715 populus
562 2630 736 2705 Romanus
757 2631 906 2717 periculo
922 2631 1091 2708 liberavit;
1116 2631 1181 2697 alia

145 2740 312 2822 quaedam
340 2742 448 2807 civem
472 2743 645 2827 egregium
670 2744 776 2830 iniqui
800 2743 914 2809 iudicii
938 2743 1083 2828 procella
1108 2762 1181 2828 per·

144 2853 249 2917 vertit.
295 2853 404 2920 Ceteri
432 2872 512 2920 vero
536 2857 594 2920 aut
616 2857 789 2940 repentina
812 2856 845 2922 vi
869 2854 1011 2940 perculsi
1035 2872 1074 2920 ac
1097 2857 1181 2920 tem·

144 2965 272 3047 pestate
300 2967 454 3051 populari
483 2985 543 3053 per
570 2968 736 3053 populum
767 2970 879 3035 tamen
908 2970 1020 3053 ipsum
1044 2969 1179 3035 recreati

144 3077 222 3141 sunt
253 3078 354 3163 atque
377 3081 521 3146 revocati
544 3084 602 3146 aut
625 3081 765 3147 omnino
789 3080 988 3147 invulnerati
1012 3080 1179 3148 inviolati·

143 3206 210 3273 que
232 3188 394 3254 vixerunt.
439 3188 482 3256 nt
502 3209 581 3258 vero
605 3193 637 3272 ii,
662 3194 719 3278 qui
744 3196 881 3259 senatus
905 3193 1096 3272 consilium,
1121 3194 1179 3278 qui

143 3301 372 3367 auctoritatem
397 3301 574 3383 bonorum,
599 3306 656 3390 qui
673 3306 823 3372 instituta
839 3307 1003 3372 maiorum
1021 3304 1178 3389 neglexe-

142 3415 217 3478 runt
246 3417 278 3480 et
306 3414 480 3500 imperitae
508 3418 566 3481 aut
592 3419 777 3484 concitatae
805 3417 1010 3484 multitudini
1041 3417 1178 3483 iucundi

141 3542 216 3590 esse
244 3527 431 3606 voluerunt,
461 3545 581 3594 omnes
609 3529 676 3596 iere
705 3531 750 3595 rei
779 3529 934 3616 publicae
963 3547 1092 3614 poenas
1120 3532 1178 3596 aut

141 3639 307 3721 praesenti
324 3642 430 3706 morte
447 3642 504 3706 aut
516 3641 603 3727 turpi
617 3641 717 3710 exilio
730 3642 973 3728 dependerunt.
984 3679 1029 3688 —
1041 3641 1176 3722 Quodsi
1198 3650 1245 3706 141

141 3747 231 3832 apud
243 3747 475 3828 Athenienses,
493 3754 649 3821 homines
663 3752 812 3821 Graecos
829 3753 931 3839 longe
948 3773 967 3820 a
984 3757 1176 3821 nostrorum

140 3858 318 3926 hominum
346 3864 507 3947 gravitate
536 3865 715 3942 diiunctos,
748 3884 816 3932 non
845 3865 992 3944 deerant,
1025 3867 1175 3952 quirem

140 3971 309 4056 publicam
333 3978 446 4040 contra
470 3976 588 4061 populi
608 3978 828 4044 temeritatem
846 3977 1073 4058 defenderent,
1099 3996 1176 4044 cum

995 4095 1034 4147 qt
