<?xml version="1.0" encoding="UTF-8"?>
<!DOCTYPE html PUBLIC "-//W3C//DTD XHTML 1.0 Transitional//EN"
    "http://www.w3.org/TR/xhtml1/DTD/xhtml1-transitional.dtd">
<html xmlns="http://www.w3.org/1999/xhtml" xml:lang="en" lang="en">
 <head>
  <title>
</title>
<meta http-equiv="Content-Type" content="text/html;charset=utf-8" />
  <meta name='ocr-system' content='tesseract 3.04.00' />
  <meta name='ocr-capabilities' content='ocr_page ocr_carea ocr_par ocr_line ocrx_word'/>
</head>
<body>
  <div class='ocr_page' id='page_1' title='image "./redefrsestius00cicegoog_0080.png"; bbox 0 0 2648 4446; ppageno 0'>
   <div class='ocr_carea' id='block_1_1' title="bbox 364 333 1186 404">
    <p class='ocr_par' dir='ltr' id='par_1_1' title="bbox 364 333 1186 404">
     <span class='ocr_line' id='line_1_1' title="bbox 364 333 1186 404; baseline -0.001 -14"><span class='ocrx_word' id='word_1_1' title='bbox 364 335 434 396; x_wconf 85' lang='lat' dir='ltr'>PRO</span> <span class='ocrx_word' id='word_1_2' title='bbox 453 333 481 388; x_wconf 90' lang='lat' dir='ltr'>P.</span> <span class='ocrx_word' id='word_1_3' title='bbox 502 334 621 390; x_wconf 84' lang='lat' dir='ltr'>SESTIO</span> <span class='ocrx_word' id='word_1_4' title='bbox 641 333 773 395; x_wconf 83' lang='lat' dir='ltr'>ORATIO</span> <span class='ocrx_word' id='word_1_5' title='bbox 792 334 810 402; x_wconf 59' lang='grc' dir='ltr'><strong><em>ὃ</em></strong></span> <span class='ocrx_word' id='word_1_6' title='bbox 831 335 975 391; x_wconf 85' lang='grc'><strong>146-147.</strong></span> <span class='ocrx_word' id='word_1_7' title='bbox 1147 338 1186 404; x_wconf 89' lang='lat'>71</span> 
     </span>
    </p>
   </div>
   <div class='ocr_carea' id='block_1_2' title="bbox 156 523 1259 1060">
    <p class='ocr_par' dir='ltr' id='par_1_2' title="bbox 157 523 1190 722">
     <span class='ocr_line' id='line_1_2' title="bbox 161 523 1190 611; baseline 0.003 -21"><span class='ocrx_word' id='word_1_8' title='bbox 161 523 285 610; x_wconf 90' lang='lat' dir='ltr'>quibus</span> <span class='ocrx_word' id='word_1_9' title='bbox 302 543 356 591; x_wconf 92' lang='lat' dir='ltr'>me</span> <span class='ocrx_word' id='word_1_10' title='bbox 373 527 510 591; x_wconf 88' lang='lat' dir='ltr'>senatus</span> <span class='ocrx_word' id='word_1_11' title='bbox 526 525 784 604; x_wconf 82' lang='lat' dir='ltr'>commendavit,</span> <span class='ocrx_word' id='word_1_12' title='bbox 801 524 927 611; x_wconf 90' lang='lat' dir='ltr'>quibus</span> <span class='ocrx_word' id='word_1_13' title='bbox 943 525 985 591; x_wconf 88' lang='lat' dir='ltr'>de</span> <span class='ocrx_word' id='word_1_14' title='bbox 1001 544 1055 592; x_wconf 92' lang='lat' dir='ltr'>me</span> <span class='ocrx_word' id='word_1_15' title='bbox 1067 526 1190 611; x_wconf 79' lang='lat' dir='ltr'>gratias</span> 
     </span>
     <span class='ocr_line' id='line_1_3' title="bbox 157 636 1110 722; baseline 0 -19"><span class='ocrx_word' id='word_1_16' title='bbox 157 637 238 722; x_wconf 83' lang='lat' dir='ltr'>egit,</span> <span class='ocrx_word' id='word_1_17' title='bbox 262 638 351 703; x_wconf 85' lang='lat' dir='ltr'>hunc</span> <span class='ocrx_word' id='word_1_18' title='bbox 374 636 505 702; x_wconf 85' lang='lat' dir='ltr'>exulem</span> <span class='ocrx_word' id='word_1_19' title='bbox 529 638 665 722; x_wconf 85' lang='lat' dir='ltr'>propter</span> <span class='ocrx_word' id='word_1_20' title='bbox 687 654 741 702; x_wconf 92' lang='lat' dir='ltr'>me</span> <span class='ocrx_word' id='word_1_21' title='bbox 765 638 837 704; x_wconf 90' lang='lat' dir='ltr'>sine</span> <span class='ocrx_word' id='word_1_22' title='bbox 861 655 915 704; x_wconf 92' lang='lat' dir='ltr'>me</span> <span class='ocrx_word' id='word_1_23' title='bbox 937 637 1110 704; x_wconf 88' lang='lat' dir='ltr'>videbunt.</span> 
     </span>
    </p>

    <p class='ocr_par' dir='ltr' id='par_1_3' title="bbox 156 745 1259 1060">
     <span class='ocr_line' id='line_1_4' title="bbox 246 745 1259 837; baseline -0.002 -22"><span class='ocrx_word' id='word_1_24' title='bbox 246 749 313 816; x_wconf 87' lang='lat' dir='ltr'>Sed</span> <span class='ocrx_word' id='word_1_25' title='bbox 348 750 430 815; x_wconf 89' lang='lat' dir='ltr'>haec</span> <span class='ocrx_word' id='word_1_26' title='bbox 465 749 497 815; x_wconf 92' lang='lat' dir='ltr'>di</span> <span class='ocrx_word' id='word_1_27' title='bbox 533 749 748 828; x_wconf 80' lang='lat' dir='ltr'>immortales,</span> <span class='ocrx_word' id='word_1_28' title='bbox 784 749 842 835; x_wconf 91' lang='lat' dir='ltr'>qui</span> <span class='ocrx_word' id='word_1_29' title='bbox 876 766 930 815; x_wconf 90' lang='lat' dir='ltr'>me</span> <span class='ocrx_word' id='word_1_30' title='bbox 957 745 1028 816; x_wconf 85' lang='lat' dir='ltr'>suis</span> <span class='ocrx_word' id='word_1_31' title='bbox 1056 751 1190 837; x_wconf 85' lang='lat' dir='ltr'>templis</span> <span class='ocrx_word' id='word_1_32' title='bbox 1210 759 1259 814; x_wconf 79' lang='lat'>147</span> 
     </span>
     <span class='ocr_line' id='line_1_5' title="bbox 158 861 1192 947; baseline 0.001 -19"><span class='ocrx_word' id='word_1_33' title='bbox 158 862 393 928; x_wconf 82' lang='lat' dir='ltr'>advenientem</span> <span class='ocrx_word' id='word_1_34' title='bbox 438 863 634 947; x_wconf 84' lang='lat' dir='ltr'>receperunt</span> <span class='ocrx_word' id='word_1_35' title='bbox 675 861 834 947; x_wconf 85' lang='lat' dir='ltr'>stipatum</span> <span class='ocrx_word' id='word_1_36' title='bbox 872 861 915 928; x_wconf 91' lang='lat' dir='ltr'>ab</span> <span class='ocrx_word' id='word_1_37' title='bbox 954 861 1006 929; x_wconf 89' lang='lat' dir='ltr'>his</span> <span class='ocrx_word' id='word_1_38' title='bbox 1043 863 1121 930; x_wconf 88' lang='lat' dir='ltr'>viris</span> <span class='ocrx_word' id='word_1_39' title='bbox 1158 867 1192 931; x_wconf 89' lang='lat' dir='ltr'>et</span> 
     </span>
     <span class='ocr_line' id='line_1_6' title="bbox 156 972 1190 1060; baseline 0.001 -21"><span class='ocrx_word' id='word_1_40' title='bbox 156 972 192 1039; x_wconf 88' lang='lat' dir='ltr'>P.</span> <span class='ocrx_word' id='word_1_41' title='bbox 216 973 357 1039; x_wconf 82' lang='lat' dir='ltr'>Lentulo</span> <span class='ocrx_word' id='word_1_42' title='bbox 380 972 530 1052; x_wconf 88' lang='lat' dir='ltr'>consule,</span> <span class='ocrx_word' id='word_1_43' title='bbox 554 975 655 1058; x_wconf 85' lang='lat' dir='ltr'>atque</span> <span class='ocrx_word' id='word_1_44' title='bbox 678 972 751 1059; x_wconf 86' lang='lat' dir='ltr'>ipsa</span> <span class='ocrx_word' id='word_1_45' title='bbox 774 991 826 1039; x_wconf 90' lang='lat' dir='ltr'>res</span> <span class='ocrx_word' id='word_1_46' title='bbox 850 973 994 1059; x_wconf 90' lang='lat' dir='ltr'>publica,</span> <span class='ocrx_word' id='word_1_47' title='bbox 1019 992 1086 1060; x_wconf 87' lang='lat' dir='ltr'>qua</span> <span class='ocrx_word' id='word_1_48' title='bbox 1109 974 1190 1040; x_wconf 89' lang='lat' dir='ltr'><strong>nihil</strong></span> 
     </span>
    </p>
   </div>
   <div class='ocr_carea' id='block_1_3' title="bbox 156 1085 1190 1823">
    <p class='ocr_par' dir='ltr' id='par_1_4' title="bbox 156 1085 1190 1823">
     <span class='ocr_line' id='line_1_7' title="bbox 158 1085 1190 1171; baseline 0.001 -19"><span class='ocrx_word' id='word_1_49' title='bbox 158 1089 208 1152; x_wconf 85' lang='lat' dir='ltr'>est</span> <span class='ocrx_word' id='word_1_50' title='bbox 232 1086 389 1165; x_wconf 86' lang='lat' dir='ltr'>sanctius,</span> <span class='ocrx_word' id='word_1_51' title='bbox 417 1088 547 1151; x_wconf 87' lang='lat' dir='ltr'>vestrae</span> <span class='ocrx_word' id='word_1_52' title='bbox 570 1086 738 1171; x_wconf 80' lang='lat' dir='ltr'>potestati,</span> <span class='ocrx_word' id='word_1_53' title='bbox 767 1085 918 1167; x_wconf 75' lang='lat' dir='ltr'>ludiceS,</span> <span class='ocrx_word' id='word_1_54' title='bbox 940 1087 1190 1153; x_wconf 81' lang='lat' dir='ltr'>commiserunt.</span> 
     </span>
     <span class='ocr_line' id='line_1_8' title="bbox 156 1196 1189 1278; baseline 0.002 -14"><span class='ocrx_word' id='word_1_55' title='bbox 156 1197 226 1264; x_wconf 91' lang='lat' dir='ltr'>Vos</span> <span class='ocrx_word' id='word_1_56' title='bbox 248 1198 311 1264; x_wconf 89' lang='lat' dir='ltr'>hoc</span> <span class='ocrx_word' id='word_1_57' title='bbox 331 1197 456 1264; x_wconf 90' lang='lat' dir='ltr'>iudicio</span> <span class='ocrx_word' id='word_1_58' title='bbox 477 1199 629 1263; x_wconf 89' lang='lat' dir='ltr'>omnium</span> <span class='ocrx_word' id='word_1_59' title='bbox 653 1196 821 1265; x_wconf 88' lang='lat' dir='ltr'>bonorum</span> <span class='ocrx_word' id='word_1_60' title='bbox 838 1200 968 1265; x_wconf 85' lang='lat' dir='ltr'>menies</span> <span class='ocrx_word' id='word_1_61' title='bbox 983 1199 1189 1278; x_wconf 80' lang='lat' dir='ltr'>confirmare,</span> 
     </span>
     <span class='ocr_line' id='line_1_9' title="bbox 156 1310 1190 1396; baseline 0.001 -20"><span class='ocrx_word' id='word_1_62' title='bbox 156 1311 386 1396; x_wconf 89' lang='lat' dir='ltr'>improborum</span> <span class='ocrx_word' id='word_1_63' title='bbox 421 1310 598 1396; x_wconf 82' lang='lat' dir='ltr'>reprimere</span> <span class='ocrx_word' id='word_1_64' title='bbox 628 1310 781 1396; x_wconf 75' lang='lat' dir='ltr'>potesiiS,</span> <span class='ocrx_word' id='word_1_65' title='bbox 814 1328 876 1376; x_wconf 90' lang='lat' dir='ltr'>vos</span> <span class='ocrx_word' id='word_1_66' title='bbox 906 1311 958 1376; x_wconf 90' lang='lat' dir='ltr'>his</span> <span class='ocrx_word' id='word_1_67' title='bbox 985 1310 1115 1377; x_wconf 90' lang='lat' dir='ltr'>civibus</span> <span class='ocrx_word' id='word_1_68' title='bbox 1142 1312 1190 1377; x_wconf 82' lang='lat' dir='ltr'>uli</span> 
     </span>
     <span class='ocr_line' id='line_1_10' title="bbox 159 1422 1189 1509; baseline 0 -21"><span class='ocrx_word' id='word_1_69' title='bbox 159 1423 305 1509; x_wconf 91' lang='lat' dir='ltr'>optimis,</span> <span class='ocrx_word' id='word_1_70' title='bbox 338 1441 401 1488; x_wconf 91' lang='lat' dir='ltr'>vos</span> <span class='ocrx_word' id='word_1_71' title='bbox 429 1439 484 1488; x_wconf 90' lang='lat' dir='ltr'>me</span> <span class='ocrx_word' id='word_1_72' title='bbox 512 1422 646 1488; x_wconf 88' lang='lat' dir='ltr'>reticere</span> <span class='ocrx_word' id='word_1_73' title='bbox 674 1424 706 1488; x_wconf 84' lang='lat' dir='ltr'>et</span> <span class='ocrx_word' id='word_1_74' title='bbox 733 1440 893 1489; x_wconf 86' lang='lat' dir='ltr'>renovare</span> <span class='ocrx_word' id='word_1_75' title='bbox 916 1441 985 1489; x_wconf 91' lang='lat' dir='ltr'>rem</span> <span class='ocrx_word' id='word_1_76' title='bbox 1009 1423 1189 1509; x_wconf 84' lang='lat' dir='ltr'>publicam.</span> 
     </span>
     <span class='ocr_line' id='line_1_11' title="bbox 160 1533 1189 1619; baseline 0.003 -20"><span class='ocrx_word' id='word_1_77' title='bbox 160 1533 274 1614; x_wconf 86' lang='lat' dir='ltr'>Quare</span> <span class='ocrx_word' id='word_1_78' title='bbox 297 1551 359 1600; x_wconf 89' lang='lat' dir='ltr'>vos</span> <span class='ocrx_word' id='word_1_79' title='bbox 383 1534 534 1601; x_wconf 85' lang='lat' dir='ltr'>obtestor</span> <span class='ocrx_word' id='word_1_80' title='bbox 556 1537 657 1619; x_wconf 81' lang='lat' dir='ltr'>alque</span> <span class='ocrx_word' id='word_1_81' title='bbox 680 1534 832 1614; x_wconf 81' lang='lat' dir='ltr'>obsec10‚</span> <span class='ocrx_word' id='word_1_82' title='bbox 860 1537 905 1614; x_wconf 85' lang='lat' dir='ltr'>ut,</span> <span class='ocrx_word' id='word_1_83' title='bbox 930 1536 958 1601; x_wconf 90' lang='lat' dir='ltr'>si</span> <span class='ocrx_word' id='word_1_84' title='bbox 982 1553 1036 1602; x_wconf 88' lang='lat' dir='ltr'>me</span> <span class='ocrx_word' id='word_1_85' title='bbox 1060 1536 1189 1602; x_wconf 86' lang='lat' dir='ltr'>salvum</span> 
     </span>
     <span class='ocr_line' id='line_1_12' title="bbox 161 1646 1189 1734; baseline 0.003 -23"><span class='ocrx_word' id='word_1_86' title='bbox 161 1664 236 1712; x_wconf 87' lang='lat' dir='ltr'>esse</span> <span class='ocrx_word' id='word_1_87' title='bbox 264 1646 429 1725; x_wconf 84' lang='lat' dir='ltr'>voluistis,</span> <span class='ocrx_word' id='word_1_88' title='bbox 458 1663 518 1712; x_wconf 90' lang='lat' dir='ltr'>eos</span> <span class='ocrx_word' id='word_1_89' title='bbox 541 1647 756 1727; x_wconf 81' lang='lat' dir='ltr'>conservetis,</span> <span class='ocrx_word' id='word_1_90' title='bbox 785 1666 843 1734; x_wconf 93' lang='lat' dir='ltr'>per</span> <span class='ocrx_word' id='word_1_91' title='bbox 866 1665 954 1733; x_wconf 90' lang='lat' dir='ltr'>quos</span> <span class='ocrx_word' id='word_1_92' title='bbox 977 1664 1031 1713; x_wconf 91' lang='lat' dir='ltr'>me</span> <span class='ocrx_word' id='word_1_93' title='bbox 1054 1665 1189 1734; x_wconf 90' lang='lat' dir='ltr'>recupe-</span> 
     </span>
     <span class='ocr_line' id='line_1_13' title="bbox 157 1757 296 1823; baseline -0.007 0"><span class='ocrx_word' id='word_1_94' title='bbox 157 1757 296 1823; x_wconf 87' lang='lat' dir='ltr'>ravistis.</span> 
     </span>
    </p>
   </div>
   <div class='ocr_carea' id='block_1_4' title="bbox 433 4034 921 4101">
    <p class='ocr_par' dir='ltr' id='par_1_5' title="bbox 433 4034 921 4101">
     <span class='ocr_line' id='line_1_14' title="bbox 433 4034 921 4101; baseline 0.004 -24"><span class='ocrx_word' id='word_1_95' title='bbox 433 4034 510 4078; x_wconf 83' lang='lat' dir='ltr'>Druck</span> <span class='ocrx_word' id='word_1_96' title='bbox 523 4047 569 4079; x_wconf 89' lang='lat' dir='ltr'>von</span> <span class='ocrx_word' id='word_1_97' title='bbox 584 4036 611 4079; x_wconf 84' lang='lat' dir='ltr'>G.</span> <span class='ocrx_word' id='word_1_98' title='bbox 625 4037 778 4080; x_wconf 85' lang='lat' dir='ltr'>Bernsteirr</span> <span class='ocrx_word' id='word_1_99' title='bbox 792 4037 817 4079; x_wconf 86' lang='lat' dir='ltr'>iu</span> <span class='ocrx_word' id='word_1_100' title='bbox 830 4037 921 4101; x_wconf 70' lang='lat' dir='ltr'>Berlim</span> 
     </span>
    </p>
   </div>
   <div class='ocr_carea' id='block_1_5' title="bbox 0 0 1328 4446">
    <p class='ocr_par' dir='ltr' id='par_1_6' title="bbox 0 0 1328 4446">
     <span class='ocr_line' id='line_1_15' title="bbox 0 0 1328 4446; baseline 0 0"><span class='ocrx_word' id='word_1_101' title='bbox 0 0 1328 4446; x_wconf 95' lang='lat' dir='ltr'> </span> 
     </span>
    </p>
   </div>
  </div>
 </body>
</html>
