<?xml version="1.0" encoding="UTF-8"?>
<!DOCTYPE html PUBLIC "-//W3C//DTD XHTML 1.0 Transitional//EN"
    "http://www.w3.org/TR/xhtml1/DTD/xhtml1-transitional.dtd">
<html xmlns="http://www.w3.org/1999/xhtml" xml:lang="en" lang="en">
 <head>
  <title>
</title>
<meta http-equiv="Content-Type" content="text/html;charset=utf-8" />
  <meta name='ocr-system' content='tesseract 3.04.00' />
  <meta name='ocr-capabilities' content='ocr_page ocr_carea ocr_par ocr_line ocrx_word'/>
</head>
<body>
  <div class='ocr_page' id='page_1' title='image "./redefrsestius00cicegoog_0029.png"; bbox 0 0 2648 4446; ppageno 0'>
   <div class='ocr_carea' id='block_1_1' title="bbox 172 325 984 394">
    <p class='ocr_par' dir='ltr' id='par_1_1' title="bbox 172 325 984 394">
     <span class='ocr_line' id='line_1_1' title="bbox 172 325 984 394; baseline -0.001 -15"><span class='ocrx_word' id='word_1_1' title='bbox 172 328 215 394; x_wconf 83' lang='lat'>20</span> <span class='ocrx_word' id='word_1_2' title='bbox 408 325 478 387; x_wconf 86' lang='lat' dir='ltr'>PRO</span> <span class='ocrx_word' id='word_1_3' title='bbox 497 325 525 379; x_wconf 88' lang='grc' dir='ltr'>Ρ.</span> <span class='ocrx_word' id='word_1_4' title='bbox 545 325 666 380; x_wconf 84' lang='lat' dir='ltr'>SESTIO</span> <span class='ocrx_word' id='word_1_5' title='bbox 685 325 818 386; x_wconf 80' lang='lat' dir='ltr'>ORATIO</span> <span class='ocrx_word' id='word_1_6' title='bbox 837 326 855 394; x_wconf 84' lang='lat'>§</span> <span class='ocrx_word' id='word_1_7' title='bbox 873 325 984 379; x_wconf 77' lang='lat'>40-41.</span> 
     </span>
    </p>
   </div>
   <div class='ocr_carea' id='block_1_2' title="bbox 130 514 1228 4083">
    <p class='ocr_par' dir='ltr' id='par_1_2' title="bbox 130 514 1228 4083">
     <span class='ocr_line' id='line_1_2' title="bbox 176 514 1219 583; baseline -0.002 -1"><span class='ocrx_word' id='word_1_8' title='bbox 176 516 428 583; x_wconf 91' lang='lat' dir='ltr'>inimicissimus</span> <span class='ocrx_word' id='word_1_9' title='bbox 463 534 538 582; x_wconf 91' lang='lat' dir='ltr'>esse</span> <span class='ocrx_word' id='word_1_10' title='bbox 566 535 662 582; x_wconf 91' lang='lat' dir='ltr'>meae</span> <span class='ocrx_word' id='word_1_11' title='bbox 690 516 788 582; x_wconf 90' lang='lat' dir='ltr'>saluti</span> <span class='ocrx_word' id='word_1_12' title='bbox 816 517 858 582; x_wconf 93' lang='lat' dir='ltr'>ab</span> <span class='ocrx_word' id='word_1_13' title='bbox 887 515 1008 582; x_wconf 89' lang='lat' dir='ltr'>eodem</span> <span class='ocrx_word' id='word_1_14' title='bbox 1038 514 1219 581; x_wconf 81' lang='lat' dir='ltr'>cotidianis</span> 
     </span>
     <span class='ocr_line' id='line_1_3' title="bbox 175 627 1218 696; baseline -0.003 -1"><span class='ocrx_word' id='word_1_15' title='bbox 175 629 391 696; x_wconf 89' lang='lat' dir='ltr'>contionibus</span> <span class='ocrx_word' id='word_1_16' title='bbox 420 628 600 695; x_wconf 82' lang='lat' dir='ltr'>dicebatur.</span> <span class='ocrx_word' id='word_1_17' title='bbox 653 629 715 694; x_wconf 88' lang='lat' dir='ltr'>His</span> <span class='ocrx_word' id='word_1_18' title='bbox 739 648 775 695; x_wconf 92' lang='lat' dir='ltr'>se</span> <span class='ocrx_word' id='word_1_19' title='bbox 802 629 930 694; x_wconf 91' lang='lat' dir='ltr'>tribus</span> <span class='ocrx_word' id='word_1_20' title='bbox 962 627 1154 694; x_wconf 90' lang='lat' dir='ltr'>auctoribus</span> <span class='ocrx_word' id='word_1_21' title='bbox 1184 627 1218 692; x_wconf 95' lang='lat' dir='ltr'>in</span> 
     </span>
     <span class='ocr_line' id='line_1_4' title="bbox 177 739 1220 827; baseline -0.002 -20"><span class='ocrx_word' id='word_1_22' title='bbox 177 741 326 807; x_wconf 88' lang='lat' dir='ltr'>consiliis</span> <span class='ocrx_word' id='word_1_23' title='bbox 361 741 544 827; x_wconf 89' lang='lat' dir='ltr'>capiendis,</span> <span class='ocrx_word' id='word_1_24' title='bbox 580 741 791 807; x_wconf 87' lang='lat' dir='ltr'>adiutoribus</span> <span class='ocrx_word' id='word_1_25' title='bbox 825 741 859 805; x_wconf 92' lang='lat' dir='ltr'>in</span> <span class='ocrx_word' id='word_1_26' title='bbox 894 759 928 806; x_wconf 95' lang='lat' dir='ltr'>re</span> <span class='ocrx_word' id='word_1_27' title='bbox 950 739 1110 824; x_wconf 78' lang='lat' dir='ltr'>¹[gerenda</span> <span class='ocrx_word' id='word_1_28' title='bbox 1142 757 1220 805; x_wconf 90' lang='lat' dir='ltr'>esse</span> 
     </span>
     <span class='ocr_line' id='line_1_5' title="bbox 178 852 1219 939; baseline 0 -20"><span class='ocrx_word' id='word_1_29' title='bbox 178 872 316 920; x_wconf 92' lang='lat' dir='ltr'>usurum</span> <span class='ocrx_word' id='word_1_30' title='bbox 348 854 495 932; x_wconf 87' lang='lat' dir='ltr'>dicebat;</span> <span class='ocrx_word' id='word_1_31' title='bbox 530 873 571 920; x_wconf 85' lang='lat' dir='ltr'>ex</span> <span class='ocrx_word' id='word_1_32' title='bbox 600 854 724 939; x_wconf 91' lang='lat' dir='ltr'>quibus</span> <span class='ocrx_word' id='word_1_33' title='bbox 748 853 858 936; x_wconf 70' lang='lat' dir='ltr'>{unum</span> <span class='ocrx_word' id='word_1_34' title='bbox 887 853 1009 918; x_wconf 88' lang='lat' dir='ltr'>habere</span> <span class='ocrx_word' id='word_1_35' title='bbox 1037 852 1219 919; x_wconf 87' lang='lat' dir='ltr'>exercitum</span> 
     </span>
     <span class='ocr_line' id='line_1_6' title="bbox 178 966 1221 1050; baseline 0 -19"><span class='ocrx_word' id='word_1_36' title='bbox 178 967 211 1032; x_wconf 94' lang='lat' dir='ltr'>in</span> <span class='ocrx_word' id='word_1_37' title='bbox 236 967 327 1033; x_wconf 90' lang='lat' dir='ltr'>ltalia</span> <span class='ocrx_word' id='word_1_38' title='bbox 355 967 549 1045; x_wconf 89' lang='lat' dir='ltr'>maximum,</span> <span class='ocrx_word' id='word_1_39' title='bbox 586 966 665 1045; x_wconf 92' lang='lat' dir='ltr'>du0,</span> <span class='ocrx_word' id='word_1_40' title='bbox 701 967 758 1050; x_wconf 92' lang='lat' dir='ltr'>qui</span> <span class='ocrx_word' id='word_1_41' title='bbox 787 966 905 1050; x_wconf 89' lang='lat' dir='ltr'>privati</span> <span class='ocrx_word' id='word_1_42' title='bbox 931 967 1003 1031; x_wconf 92' lang='lat' dir='ltr'>tum</span> <span class='ocrx_word' id='word_1_43' title='bbox 1027 967 1150 1043; x_wconf 89' lang='lat' dir='ltr'>essent,</span> <span class='ocrx_word' id='word_1_44' title='bbox 1186 967 1221 1031; x_wconf 90' lang='lat' dir='ltr'>et</span> 
     </span>
     <span class='ocr_line' id='line_1_7' title="bbox 178 1078 1220 1164; baseline -0.005 -15"><span class='ocrx_word' id='word_1_45' title='bbox 178 1079 305 1152; x_wconf 85' lang='lat' dir='ltr'>Romae</span> <span class='ocrx_word' id='word_1_46' title='bbox 340 1097 416 1145; x_wconf 89' lang='lat' dir='ltr'>esse</span> <span class='ocrx_word' id='word_1_47' title='bbox 450 1082 482 1144; x_wconf 93' lang='lat' dir='ltr'>et</span> <span class='ocrx_word' id='word_1_48' title='bbox 516 1097 642 1164; x_wconf 88' lang='lat' dir='ltr'>parare,</span> <span class='ocrx_word' id='word_1_49' title='bbox 678 1079 706 1144; x_wconf 90' lang='lat' dir='ltr'>si</span> <span class='ocrx_word' id='word_1_50' title='bbox 738 1079 871 1157; x_wconf 83' lang='lat' dir='ltr'>vellent,</span> <span class='ocrx_word' id='word_1_51' title='bbox 907 1078 1086 1144; x_wconf 87' lang='lat' dir='ltr'>exercitum</span> <span class='ocrx_word' id='word_1_52' title='bbox 1115 1095 1220 1162; x_wconf 89' lang='lat' dir='ltr'>posse</span> 
     </span>
     <span class='ocr_line' id='line_1_8' title="bbox 177 1189 1220 1276; baseline -0.002 -19"><span class='ocrx_word' id='word_1_53' title='bbox 177 1191 281 1276; x_wconf 91' lang='lat' dir='ltr'>idque</span> <span class='ocrx_word' id='word_1_54' title='bbox 311 1192 456 1258; x_wconf 87' lang='lat' dir='ltr'>facturos</span> <span class='ocrx_word' id='word_1_55' title='bbox 488 1210 563 1257; x_wconf 91' lang='lat' dir='ltr'>esse</span> <span class='ocrx_word' id='word_1_56' title='bbox 592 1191 734 1258; x_wconf 86' lang='lat' dir='ltr'>dicebat.</span> <span class='ocrx_word' id='word_1_57' title='bbox 780 1191 851 1258; x_wconf 91' lang='lat' dir='ltr'>Nec</span> <span class='ocrx_word' id='word_1_58' title='bbox 873 1191 954 1256; x_wconf 93' lang='lat' dir='ltr'>mibi</span> <span class='ocrx_word' id='word_1_59' title='bbox 978 1190 1033 1256; x_wconf 92' lang='lat' dir='ltr'>ille</span> <span class='ocrx_word' id='word_1_60' title='bbox 1057 1189 1220 1256; x_wconf 92' lang='lat' dir='ltr'>iudicium</span> 
     </span>
     <span class='ocr_line' id='line_1_9' title="bbox 179 1302 1220 1390; baseline -0.002 -20"><span class='ocrx_word' id='word_1_61' title='bbox 179 1304 296 1390; x_wconf 94' lang='lat' dir='ltr'>populi</span> <span class='ocrx_word' id='word_1_62' title='bbox 325 1323 386 1370; x_wconf 89' lang='lat' dir='ltr'>nec</span> <span class='ocrx_word' id='word_1_63' title='bbox 409 1304 594 1389; x_wconf 82' lang='lat' dir='ltr'>legitimam</span> <span class='ocrx_word' id='word_1_64' title='bbox 619 1305 767 1389; x_wconf 85' lang='lat' dir='ltr'>aliquam</span> <span class='ocrx_word' id='word_1_65' title='bbox 791 1304 1042 1370; x_wconf 87' lang='lat' dir='ltr'>contentionem</span> <span class='ocrx_word' id='word_1_66' title='bbox 1067 1321 1128 1368; x_wconf 92' lang='lat' dir='ltr'>nec</span> <span class='ocrx_word' id='word_1_67' title='bbox 1151 1302 1220 1368; x_wconf 92' lang='lat' dir='ltr'>dis·</span> 
     </span>
     <span class='ocr_line' id='line_1_10' title="bbox 180 1416 1220 1502; baseline -0.001 -21"><span class='ocrx_word' id='word_1_68' title='bbox 180 1418 404 1502; x_wconf 92' lang='lat' dir='ltr'>ceptationem</span> <span class='ocrx_word' id='word_1_69' title='bbox 440 1420 497 1483; x_wconf 87' lang='lat' dir='ltr'>aui</span> <span class='ocrx_word' id='word_1_70' title='bbox 530 1435 652 1484; x_wconf 88' lang='lat' dir='ltr'>causae</span> <span class='ocrx_word' id='word_1_71' title='bbox 687 1416 879 1496; x_wconf 91' lang='lat' dir='ltr'>dictionem,</span> <span class='ocrx_word' id='word_1_72' title='bbox 915 1416 975 1482; x_wconf 91' lang='lat' dir='ltr'>sed</span> <span class='ocrx_word' id='word_1_73' title='bbox 1002 1416 1082 1494; x_wconf 90' lang='lat' dir='ltr'>vim,</span> <span class='ocrx_word' id='word_1_74' title='bbox 1117 1433 1220 1494; x_wconf 92' lang='lat' dir='ltr'>arma,</span> 
     </span>
     <span class='ocr_line' id='line_1_11' title="bbox 180 1527 1221 1615; baseline -0.001 -21"><span class='ocrx_word' id='word_1_75' title='bbox 180 1529 352 1608; x_wconf 85' lang='lat' dir='ltr'>exercitus,</span> <span class='ocrx_word' id='word_1_76' title='bbox 388 1530 616 1615; x_wconf 88' lang='lat' dir='ltr'>imperatores,</span> <span class='ocrx_word' id='word_1_77' title='bbox 651 1532 757 1596; x_wconf 91' lang='lat' dir='ltr'>castra</span> <span class='ocrx_word' id='word_1_78' title='bbox 791 1529 1020 1596; x_wconf 88' lang='lat' dir='ltr'>denuntiabat.</span> <span class='ocrx_word' id='word_1_79' title='bbox 1055 1565 1098 1575; x_wconf 96' lang='lat'>-</span> <span class='ocrx_word' id='word_1_80' title='bbox 1119 1527 1221 1608; x_wconf 61' lang='lat' dir='ltr'>IQuid</span> 
     </span>
     <span class='ocr_line' id='line_1_12' title="bbox 181 1641 1222 1728; baseline 0 -21"><span class='ocrx_word' id='word_1_81' title='bbox 181 1644 284 1727; x_wconf 79' lang='lat' dir='ltr'>ergo?</span> <span class='ocrx_word' id='word_1_82' title='bbox 315 1643 440 1708; x_wconf 93' lang='lat' dir='ltr'>inimici</span> <span class='ocrx_word' id='word_1_83' title='bbox 470 1643 586 1721; x_wconf 89' lang='lat' dir='ltr'>oratio,</span> <span class='ocrx_word' id='word_1_84' title='bbox 620 1661 708 1709; x_wconf 90' lang='lat' dir='ltr'>vana</span> <span class='ocrx_word' id='word_1_85' title='bbox 736 1643 940 1728; x_wconf 89' lang='lat' dir='ltr'>praesertim,</span> <span class='ocrx_word' id='word_1_86' title='bbox 968 1645 1036 1707; x_wconf 89' lang='lat' dir='ltr'>tam</span> <span class='ocrx_word' id='word_1_87' title='bbox 1066 1641 1222 1726; x_wconf 90' lang='lat' dir='ltr'>improbe</span> 
     </span>
     <span class='ocr_line' id='line_1_13' title="bbox 182 1753 1222 1822; baseline 0 -2"><span class='ocrx_word' id='word_1_88' title='bbox 182 1755 215 1820; x_wconf 94' lang='lat' dir='ltr'>in</span> <span class='ocrx_word' id='word_1_89' title='bbox 250 1755 455 1821; x_wconf 88' lang='lat' dir='ltr'>clarissimos</span> <span class='ocrx_word' id='word_1_90' title='bbox 489 1756 578 1822; x_wconf 90' lang='lat' dir='ltr'>viros</span> <span class='ocrx_word' id='word_1_91' title='bbox 613 1756 764 1821; x_wconf 88' lang='lat' dir='ltr'>coniecta</span> <span class='ocrx_word' id='word_1_92' title='bbox 799 1775 853 1822; x_wconf 93' lang='lat' dir='ltr'>me</span> <span class='ocrx_word' id='word_1_93' title='bbox 882 1755 1011 1821; x_wconf 80' lang='lat' dir='ltr'>movit?</span> <span class='ocrx_word' id='word_1_94' title='bbox 1055 1753 1112 1819; x_wconf 85' lang='lat' dir='ltr'>Me</span> <span class='ocrx_word' id='word_1_95' title='bbox 1139 1772 1222 1820; x_wconf 91' lang='lat' dir='ltr'>vero</span> 
     </span>
     <span class='ocr_line' id='line_1_14' title="bbox 182 1859 1223 1943; baseline 0 -19"><span class='ocrx_word' id='word_1_96' title='bbox 182 1878 250 1926; x_wconf 94' lang='lat' dir='ltr'>non</span> <span class='ocrx_word' id='word_1_97' title='bbox 279 1859 368 1925; x_wconf 89' lang='lat' dir='ltr'>illius</span> <span class='ocrx_word' id='word_1_98' title='bbox 396 1860 513 1939; x_wconf 87' lang='lat' dir='ltr'>orati0,</span> <span class='ocrx_word' id='word_1_99' title='bbox 543 1859 603 1925; x_wconf 92' lang='lat' dir='ltr'>sed</span> <span class='ocrx_word' id='word_1_100' title='bbox 633 1878 749 1926; x_wconf 91' lang='lat' dir='ltr'>eorum</span> <span class='ocrx_word' id='word_1_101' title='bbox 776 1860 1045 1938; x_wconf 88' lang='lat' dir='ltr'>taciturnitas,</span> <span class='ocrx_word' id='word_1_102' title='bbox 1074 1859 1108 1923; x_wconf 94' lang='lat' dir='ltr'>in</span> <span class='ocrx_word' id='word_1_103' title='bbox 1133 1876 1223 1943; x_wconf 90' lang='lat' dir='ltr'>quos</span> 
     </span>
     <span class='ocr_line' id='line_1_15' title="bbox 182 1971 1222 2057; baseline 0 -21"><span class='ocrx_word' id='word_1_104' title='bbox 182 1971 237 2037; x_wconf 89' lang='lat' dir='ltr'>illa</span> <span class='ocrx_word' id='word_1_105' title='bbox 262 1973 368 2038; x_wconf 89' lang='lat' dir='ltr'>oratio</span> <span class='ocrx_word' id='word_1_106' title='bbox 392 1974 460 2037; x_wconf 92' lang='lat' dir='ltr'>tam</span> <span class='ocrx_word' id='word_1_107' title='bbox 485 1972 639 2057; x_wconf 92' lang='lat' dir='ltr'>improba</span> <span class='ocrx_word' id='word_1_108' title='bbox 663 1972 909 2050; x_wconf 85' lang='lat' dir='ltr'>conterebatur;</span> <span class='ocrx_word' id='word_1_109' title='bbox 934 1972 990 2056; x_wconf 87' lang='lat' dir='ltr'>qui</span> <span class='ocrx_word' id='word_1_110' title='bbox 1014 1974 1085 2037; x_wconf 94' lang='lat' dir='ltr'>tum</span> <span class='ocrx_word' id='word_1_111' title='bbox 1103 1989 1222 2055; x_wconf 90' lang='lat' dir='ltr'>quam·</span> 
     </span>
     <span class='ocr_line' id='line_1_16' title="bbox 182 2083 1224 2168; baseline -0.001 -19"><span class='ocrx_word' id='word_1_112' title='bbox 182 2102 283 2168; x_wconf 86' lang='lat' dir='ltr'>quam</span> <span class='ocrx_word' id='word_1_113' title='bbox 319 2084 364 2150; x_wconf 95' lang='lat' dir='ltr'>ob</span> <span class='ocrx_word' id='word_1_114' title='bbox 399 2083 482 2150; x_wconf 91' lang='lat' dir='ltr'>alias</span> <span class='ocrx_word' id='word_1_115' title='bbox 516 2103 636 2150; x_wconf 89' lang='lat' dir='ltr'>causas</span> <span class='ocrx_word' id='word_1_116' title='bbox 670 2084 839 2162; x_wconf 88' lang='lat' dir='ltr'>tacebant,</span> <span class='ocrx_word' id='word_1_117' title='bbox 877 2087 990 2150; x_wconf 89' lang='lat' dir='ltr'>tamen</span> <span class='ocrx_word' id='word_1_118' title='bbox 1025 2083 1224 2150; x_wconf 87' lang='lat' dir='ltr'>bominibus</span> 
     </span>
     <span class='ocr_line' id='line_1_17' title="bbox 182 2195 1223 2281; baseline 0 -21"><span class='ocrx_word' id='word_1_119' title='bbox 182 2196 296 2262; x_wconf 91' lang='lat' dir='ltr'>omnia</span> <span class='ocrx_word' id='word_1_120' title='bbox 323 2197 520 2262; x_wconf 92' lang='lat' dir='ltr'>timentibus</span> <span class='ocrx_word' id='word_1_121' title='bbox 547 2196 692 2262; x_wconf 91' lang='lat' dir='ltr'>tacendo</span> <span class='ocrx_word' id='word_1_122' title='bbox 716 2196 819 2281; x_wconf 92' lang='lat' dir='ltr'>loqui,</span> <span class='ocrx_word' id='word_1_123' title='bbox 850 2215 918 2262; x_wconf 93' lang='lat' dir='ltr'>non</span> <span class='ocrx_word' id='word_1_124' title='bbox 941 2195 1118 2262; x_wconf 85' lang='lat' dir='ltr'>infitiando</span> <span class='ocrx_word' id='word_1_125' title='bbox 1142 2214 1223 2262; x_wconf 94' lang='lat' dir='ltr'>con-</span> 
     </span>
     <span class='ocr_line' id='line_1_18' title="bbox 180 2308 1224 2394; baseline 0.002 -22"><span class='ocrx_word' id='word_1_126' title='bbox 180 2309 264 2373; x_wconf 88' lang='lat' dir='ltr'>iiteri</span> <span class='ocrx_word' id='word_1_127' title='bbox 293 2308 502 2375; x_wconf 91' lang='lat' dir='ltr'>videbantur.</span> <span class='ocrx_word' id='word_1_128' title='bbox 548 2309 595 2375; x_wconf 94' lang='lat' dir='ltr'>llli</span> <span class='ocrx_word' id='word_1_129' title='bbox 626 2312 738 2376; x_wconf 88' lang='lat' dir='ltr'>autem</span> <span class='ocrx_word' id='word_1_130' title='bbox 770 2310 885 2394; x_wconf 92' lang='lat' dir='ltr'>aliquo</span> <span class='ocrx_word' id='word_1_131' title='bbox 911 2312 982 2375; x_wconf 94' lang='lat' dir='ltr'>tum</span> <span class='ocrx_word' id='word_1_132' title='bbox 1006 2310 1126 2375; x_wconf 92' lang='lat' dir='ltr'>timore</span> <span class='ocrx_word' id='word_1_133' title='bbox 1149 2327 1224 2394; x_wconf 92' lang='lat' dir='ltr'>per-</span> 
     </span>
     <span class='ocr_line' id='line_1_19' title="bbox 180 2421 1224 2507; baseline 0.001 -21"><span class='ocrx_word' id='word_1_134' title='bbox 180 2422 292 2500; x_wconf 81' lang='lat' dir='ltr'>territi,</span> <span class='ocrx_word' id='word_1_135' title='bbox 317 2422 409 2506; x_wconf 92' lang='lat' dir='ltr'>quod</span> <span class='ocrx_word' id='word_1_136' title='bbox 434 2425 506 2488; x_wconf 89' lang='lat' dir='ltr'>acta</span> <span class='ocrx_word' id='word_1_137' title='bbox 529 2422 585 2488; x_wconf 90' lang='lat' dir='ltr'>illa</span> <span class='ocrx_word' id='word_1_138' title='bbox 610 2425 711 2507; x_wconf 86' lang='lat' dir='ltr'>atque</span> <span class='ocrx_word' id='word_1_139' title='bbox 736 2441 855 2488; x_wconf 89' lang='lat' dir='ltr'>omnes</span> <span class='ocrx_word' id='word_1_140' title='bbox 871 2441 924 2488; x_wconf 92' lang='lat' dir='ltr'>res</span> <span class='ocrx_word' id='word_1_141' title='bbox 944 2423 1023 2487; x_wconf 90' lang='lat' dir='ltr'>anni</span> <span class='ocrx_word' id='word_1_142' title='bbox 1040 2421 1224 2507; x_wconf 89' lang='lat' dir='ltr'>superioris</span> 
     </span>
     <span class='ocr_line' id='line_1_20' title="bbox 182 2533 1224 2620; baseline 0.002 -22"><span class='ocrx_word' id='word_1_143' title='bbox 182 2533 371 2601; x_wconf 83' lang='lat' dir='ltr'>labefactari</span> <span class='ocrx_word' id='word_1_144' title='bbox 400 2553 419 2600; x_wconf 90' lang='lat' dir='ltr'>a</span> <span class='ocrx_word' id='word_1_145' title='bbox 448 2535 668 2620; x_wconf 90' lang='lat' dir='ltr'>praetoribus,</span> <span class='ocrx_word' id='word_1_146' title='bbox 697 2535 855 2600; x_wconf 83' lang='lat' dir='ltr'>infirmari</span> <span class='ocrx_word' id='word_1_147' title='bbox 885 2555 903 2600; x_wconf 92' lang='lat' dir='ltr'>a</span> <span class='ocrx_word' id='word_1_148' title='bbox 934 2537 1052 2601; x_wconf 88' lang='lat' dir='ltr'>senatu</span> <span class='ocrx_word' id='word_1_149' title='bbox 1079 2537 1224 2619; x_wconf 87' lang='lat' dir='ltr'>atquea</span> 
     </span>
     <span class='ocr_line' id='line_1_21' title="bbox 185 2647 1224 2732; baseline 0.001 -21"><span class='ocrx_word' id='word_1_150' title='bbox 185 2647 392 2732; x_wconf 88' lang='lat' dir='ltr'>principibus</span> <span class='ocrx_word' id='word_1_151' title='bbox 422 2647 564 2713; x_wconf 91' lang='lat' dir='ltr'>civitatis</span> <span class='ocrx_word' id='word_1_152' title='bbox 588 2647 761 2732; x_wconf 89' lang='lat' dir='ltr'>putabant,</span> <span class='ocrx_word' id='word_1_153' title='bbox 785 2648 956 2713; x_wconf 92' lang='lat' dir='ltr'>tribunum</span> <span class='ocrx_word' id='word_1_154' title='bbox 981 2647 1180 2732; x_wconf 90' lang='lat' dir='ltr'>popularem</span> <span class='ocrx_word' id='word_1_155' title='bbox 1204 2665 1224 2712; x_wconf 93' lang='lat' dir='ltr'>a</span> 
     </span>
     <span class='ocr_line' id='line_1_22' title="bbox 184 2759 1224 2845; baseline 0 -21"><span class='ocrx_word' id='word_1_156' title='bbox 184 2777 219 2824; x_wconf 89' lang='lat' dir='ltr'>se</span> <span class='ocrx_word' id='word_1_157' title='bbox 248 2759 392 2826; x_wconf 91' lang='lat' dir='ltr'>alienare</span> <span class='ocrx_word' id='word_1_158' title='bbox 422 2759 583 2826; x_wconf 90' lang='lat' dir='ltr'>nolebant</span> <span class='ocrx_word' id='word_1_159' title='bbox 611 2778 740 2845; x_wconf 89' lang='lat' dir='ltr'>suaque</span> <span class='ocrx_word' id='word_1_160' title='bbox 768 2760 832 2826; x_wconf 91' lang='lat' dir='ltr'>sibi</span> <span class='ocrx_word' id='word_1_161' title='bbox 856 2760 1014 2845; x_wconf 90' lang='lat' dir='ltr'>propiora</span> <span class='ocrx_word' id='word_1_162' title='bbox 1038 2777 1114 2825; x_wconf 89' lang='lat' dir='ltr'>esse</span> <span class='ocrx_word' id='word_1_163' title='bbox 1138 2759 1224 2843; x_wconf 90' lang='lat' dir='ltr'>peri-</span> 
     </span>
     <span class='ocr_line' id='line_1_23' title="bbox 130 2871 1225 2957; baseline 0.005 -25"><span class='ocrx_word' id='word_1_164' title='bbox 130 2871 257 2936; x_wconf 74' lang='lat' dir='ltr'>ricula</span> <span class='ocrx_word' id='word_1_165' title='bbox 286 2890 387 2956; x_wconf 89' lang='lat' dir='ltr'>quam</span> <span class='ocrx_word' id='word_1_166' title='bbox 416 2890 490 2938; x_wconf 93' lang='lat' dir='ltr'>mea</span> <span class='ocrx_word' id='word_1_167' title='bbox 514 2872 748 2957; x_wconf 89' lang='lat' dir='ltr'>loquebantur.</span> <span class='ocrx_word' id='word_1_168' title='bbox 796 2872 862 2939; x_wconf 88' lang='lat' dir='ltr'>Sed</span> <span class='ocrx_word' id='word_1_169' title='bbox 886 2875 999 2938; x_wconf 88' lang='lat' dir='ltr'>tamen</span> <span class='ocrx_word' id='word_1_170' title='bbox 1024 2874 1056 2938; x_wconf 91' lang='lat' dir='ltr'>et</span> <span class='ocrx_word' id='word_1_171' title='bbox 1079 2871 1225 2938; x_wconf 88' lang='lat' dir='ltr'>Crassus</span> 
     </span>
     <span class='ocr_line' id='line_1_24' title="bbox 184 2983 1224 3071; baseline 0 -23"><span class='ocrx_word' id='word_1_172' title='bbox 184 3002 203 3048; x_wconf 89' lang='lat' dir='ltr'>a</span> <span class='ocrx_word' id='word_1_173' title='bbox 224 2983 421 3050; x_wconf 88' lang='lat' dir='ltr'>consulibus</span> <span class='ocrx_word' id='word_1_174' title='bbox 438 3003 548 3051; x_wconf 92' lang='lat' dir='ltr'>meam</span> <span class='ocrx_word' id='word_1_175' title='bbox 567 3004 703 3051; x_wconf 88' lang='lat' dir='ltr'>causam</span> <span class='ocrx_word' id='word_1_176' title='bbox 721 2984 971 3071; x_wconf 86' lang='lat' dir='ltr'>suscipiendam</span> <span class='ocrx_word' id='word_1_177' title='bbox 989 3003 1064 3051; x_wconf 93' lang='lat' dir='ltr'>esse</span> <span class='ocrx_word' id='word_1_178' title='bbox 1081 2983 1224 3062; x_wconf 86' lang='lat' dir='ltr'>dicebat,</span> 
     </span>
     <span class='ocr_line' id='line_1_25' title="bbox 185 3096 1224 3183; baseline 0.001 -23"><span class='ocrx_word' id='word_1_179' title='bbox 185 3098 217 3160; x_wconf 93' lang='lat' dir='ltr'>et</span> <span class='ocrx_word' id='word_1_180' title='bbox 240 3113 355 3161; x_wconf 93' lang='lat' dir='ltr'>eorum</span> <span class='ocrx_word' id='word_1_181' title='bbox 379 3096 482 3162; x_wconf 86' lang='lat' dir='ltr'>iidem</span> <span class='ocrx_word' id='word_1_182' title='bbox 499 3097 687 3182; x_wconf 83' lang='lat' dir='ltr'>Pompeius</span> <span class='ocrx_word' id='word_1_183' title='bbox 710 3098 911 3183; x_wconf 89' lang='lat' dir='ltr'>implorabat</span> <span class='ocrx_word' id='word_1_184' title='bbox 935 3116 1045 3183; x_wconf 92' lang='lat' dir='ltr'>neque</span> <span class='ocrx_word' id='word_1_185' title='bbox 1062 3115 1099 3162; x_wconf 91' lang='lat' dir='ltr'>se</span> <span class='ocrx_word' id='word_1_186' title='bbox 1115 3097 1224 3182; x_wconf 89' lang='lat' dir='ltr'>priva-</span> 
     </span>
     <span class='ocr_line' id='line_1_26' title="bbox 184 3207 1226 3294; baseline 0.001 -22"><span class='ocrx_word' id='word_1_187' title='bbox 184 3210 254 3272; x_wconf 91' lang='lat' dir='ltr'>tum</span> <span class='ocrx_word' id='word_1_188' title='bbox 279 3207 412 3292; x_wconf 88' lang='lat' dir='ltr'>publice</span> <span class='ocrx_word' id='word_1_189' title='bbox 437 3212 613 3294; x_wconf 89' lang='lat' dir='ltr'>susceptae</span> <span class='ocrx_word' id='word_1_190' title='bbox 637 3228 761 3276; x_wconf 89' lang='lat' dir='ltr'>causae</span> <span class='ocrx_word' id='word_1_191' title='bbox 777 3210 967 3277; x_wconf 78' lang='lat' dir='ltr'>defuturum</span> <span class='ocrx_word' id='word_1_192' title='bbox 985 3229 1059 3276; x_wconf 89' lang='lat' dir='ltr'>esse</span> <span class='ocrx_word' id='word_1_193' title='bbox 1077 3208 1226 3286; x_wconf 91' lang='lat' dir='ltr'>dicebat;</span> 
     </span>
     <span class='ocr_line' id='line_1_27' title="bbox 188 3320 1226 3408; baseline 0.002 -23"><span class='ocrx_word' id='word_1_194' title='bbox 188 3338 288 3403; x_wconf 92' lang='lat' dir='ltr'>quem</span> <span class='ocrx_word' id='word_1_195' title='bbox 305 3322 411 3386; x_wconf 92' lang='lat' dir='ltr'>virum</span> <span class='ocrx_word' id='word_1_196' title='bbox 429 3320 620 3388; x_wconf 89' lang='lat' dir='ltr'>studiosum</span> <span class='ocrx_word' id='word_1_197' title='bbox 640 3323 716 3405; x_wconf 91' lang='lat' dir='ltr'>mei,</span> <span class='ocrx_word' id='word_1_198' title='bbox 733 3323 990 3408; x_wconf 90' lang='lat' dir='ltr'>cupidissimum</span> <span class='ocrx_word' id='word_1_199' title='bbox 1007 3324 1052 3388; x_wconf 94' lang='lat' dir='ltr'>rei</span> <span class='ocrx_word' id='word_1_200' title='bbox 1070 3321 1226 3408; x_wconf 91' lang='lat' dir='ltr'>publicae</span> 
     </span>
     <span class='ocr_line' id='line_1_28' title="bbox 185 3433 1226 3521; baseline 0.002 -24"><span class='ocrx_word' id='word_1_201' title='bbox 185 3433 446 3513; x_wconf 90' lang='lat' dir='ltr'>conservandae,</span> <span class='ocrx_word' id='word_1_202' title='bbox 472 3433 565 3500; x_wconf 90' lang='lat' dir='ltr'>dorni</span> <span class='ocrx_word' id='word_1_203' title='bbox 586 3452 682 3500; x_wconf 92' lang='lat' dir='ltr'>meae</span> <span class='ocrx_word' id='word_1_204' title='bbox 705 3436 963 3521; x_wconf 28' lang='lat' dir='ltr'>certizhomines</span> <span class='ocrx_word' id='word_1_205' title='bbox 987 3435 1030 3501; x_wconf 90' lang='lat' dir='ltr'>ad</span> <span class='ocrx_word' id='word_1_206' title='bbox 1054 3454 1129 3501; x_wconf 94' lang='lat' dir='ltr'>eam</span> <span class='ocrx_word' id='word_1_207' title='bbox 1155 3453 1226 3502; x_wconf 92' lang='lat' dir='ltr'>rem</span> 
     </span>
     <span class='ocr_line' id='line_1_29' title="bbox 186 3545 1227 3634; baseline 0.005 -25"><span class='ocrx_word' id='word_1_208' title='bbox 186 3545 287 3629; x_wconf 92' lang='lat' dir='ltr'>positi</span> <span class='ocrx_word' id='word_1_209' title='bbox 318 3550 521 3612; x_wconf 87' lang='lat' dir='ltr'>monuerunt</span> <span class='ocrx_word' id='word_1_210' title='bbox 555 3549 590 3613; x_wconf 95' lang='lat' dir='ltr'>ut</span> <span class='ocrx_word' id='word_1_211' title='bbox 622 3551 711 3613; x_wconf 89' lang='lat' dir='ltr'>esset</span> <span class='ocrx_word' id='word_1_212' title='bbox 743 3549 885 3627; x_wconf 87' lang='lat' dir='ltr'>cautior,</span> <span class='ocrx_word' id='word_1_213' title='bbox 920 3549 1061 3633; x_wconf 91' lang='lat' dir='ltr'>eiusque</span> <span class='ocrx_word' id='word_1_214' title='bbox 1090 3547 1227 3634; x_wconf 61' lang='lat' dir='ltr'>vitaeJa</span> 
     </span>
     <span class='ocr_line' id='line_1_30' title="bbox 188 3657 1228 3745; baseline 0.004 -23"><span class='ocrx_word' id='word_1_215' title='bbox 188 3675 241 3722; x_wconf 93' lang='lat' dir='ltr'>me</span> <span class='ocrx_word' id='word_1_216' title='bbox 257 3657 397 3724; x_wconf 92' lang='lat' dir='ltr'>insidias</span> <span class='ocrx_word' id='word_1_217' title='bbox 414 3659 505 3744; x_wconf 88' lang='lat' dir='ltr'>apud</span> <span class='ocrx_word' id='word_1_218' title='bbox 522 3677 576 3725; x_wconf 93' lang='lat' dir='ltr'>me</span> <span class='ocrx_word' id='word_1_219' title='bbox 598 3661 726 3745; x_wconf 89' lang='lat' dir='ltr'>positas</span> <span class='ocrx_word' id='word_1_220' title='bbox 744 3678 819 3728; x_wconf 89' lang='lat' dir='ltr'>esse</span> <span class='ocrx_word' id='word_1_221' title='bbox 835 3661 998 3740; x_wconf 89' lang='lat' dir='ltr'>dixerunt,</span> <span class='ocrx_word' id='word_1_222' title='bbox 1023 3663 1124 3744; x_wconf 91' lang='lat' dir='ltr'>atque</span> <span class='ocrx_word' id='word_1_223' title='bbox 1139 3660 1228 3726; x_wconf 89' lang='lat' dir='ltr'>hanc</span> 
     </span>
     <span class='ocr_line' id='line_1_31' title="bbox 187 3770 1227 3856; baseline 0.002 -20"><span class='ocrx_word' id='word_1_224' title='bbox 187 3770 260 3836; x_wconf 89' lang='lat' dir='ltr'>eius</span> <span class='ocrx_word' id='word_1_225' title='bbox 295 3771 523 3856; x_wconf 90' lang='lat' dir='ltr'>suspicionem</span> <span class='ocrx_word' id='word_1_226' title='bbox 559 3771 614 3837; x_wconf 90' lang='lat' dir='ltr'>alii</span> <span class='ocrx_word' id='word_1_227' title='bbox 643 3772 759 3838; x_wconf 89' lang='lat' dir='ltr'>litteris</span> <span class='ocrx_word' id='word_1_228' title='bbox 787 3773 968 3852; x_wconf 89' lang='lat' dir='ltr'>mittendis,</span> <span class='ocrx_word' id='word_1_229' title='bbox 1004 3773 1059 3838; x_wconf 90' lang='lat' dir='ltr'>alii</span> <span class='ocrx_word' id='word_1_230' title='bbox 1089 3773 1227 3852; x_wconf 88' lang='lat' dir='ltr'>nuntiis,</span> 
     </span>
     <span class='ocr_line' id='line_1_32' title="bbox 188 3882 1228 3968; baseline 0.005 -20"><span class='ocrx_word' id='word_1_231' title='bbox 188 3882 243 3948; x_wconf 92' lang='lat' dir='ltr'>alii</span> <span class='ocrx_word' id='word_1_232' title='bbox 271 3901 383 3949; x_wconf 89' lang='lat' dir='ltr'>coram</span> <span class='ocrx_word' id='word_1_233' title='bbox 412 3884 476 3968; x_wconf 94' lang='lat' dir='ltr'>ipsi</span> <span class='ocrx_word' id='word_1_234' title='bbox 501 3885 736 3962; x_wconf 87' lang='lat' dir='ltr'>excitaverunt,</span> <span class='ocrx_word' id='word_1_235' title='bbox 766 3888 802 3951; x_wconf 95' lang='lat' dir='ltr'>ut</span> <span class='ocrx_word' id='word_1_236' title='bbox 825 3885 889 3964; x_wconf 89' lang='lat' dir='ltr'>ille,</span> <span class='ocrx_word' id='word_1_237' title='bbox 918 3904 1037 3952; x_wconf 92' lang='lat' dir='ltr'>cuma</span> <span class='ocrx_word' id='word_1_238' title='bbox 1062 3904 1116 3951; x_wconf 93' lang='lat' dir='ltr'>me</span> <span class='ocrx_word' id='word_1_239' title='bbox 1139 3888 1228 3953; x_wconf 88' lang='lat' dir='ltr'>certe</span> 
     </span>
     <span class='ocr_line' id='line_1_33' title="bbox 185 3995 1228 4083; baseline 0.004 -25"><span class='ocrx_word' id='word_1_240' title='bbox 185 3995 267 4060; x_wconf 88' lang='lat' dir='ltr'>nibil</span> <span class='ocrx_word' id='word_1_241' title='bbox 293 3996 432 4075; x_wconf 86' lang='lat' dir='ltr'>timeret,</span> <span class='ocrx_word' id='word_1_242' title='bbox 457 3996 592 4076; x_wconf 91' lang='lat' dir='ltr'>abillis,</span> <span class='ocrx_word' id='word_1_243' title='bbox 618 4016 660 4063; x_wconf 93' lang='lat' dir='ltr'>ne</span> <span class='ocrx_word' id='word_1_244' title='bbox 676 3997 758 4083; x_wconf 92' lang='lat' dir='ltr'>quid</span> <span class='ocrx_word' id='word_1_245' title='bbox 776 4016 853 4065; x_wconf 93' lang='lat' dir='ltr'>meo</span> <span class='ocrx_word' id='word_1_246' title='bbox 870 3999 1007 4065; x_wconf 93' lang='lat' dir='ltr'>nomine</span> <span class='ocrx_word' id='word_1_247' title='bbox 1021 3998 1228 4077; x_wconf 87' lang='lat' dir='ltr'>molirentur,</span> 
     </span>
    </p>
   </div>
   <div class='ocr_carea' id='block_1_3' title="bbox 0 0 1341 4446">
    <p class='ocr_par' dir='ltr' id='par_1_3' title="bbox 0 0 1341 4446">
     <span class='ocr_line' id='line_1_34' title="bbox 0 0 1341 4446; baseline 0 0"><span class='ocrx_word' id='word_1_248' title='bbox 0 0 1341 4446; x_wconf 95' lang='lat' dir='ltr'> </span> 
     </span>
    </p>
   </div>
  </div>
 </body>
</html>
