2648 4446
365 316 437 379 PRO
455 316 484 371 P.
506 315 627 372 SESTIO
647 314 781 376 ORATIO
800 315 818 383 ὅ
839 312 949 370 13-15,
1157 314 1178 380 7

135 511 189 576 est
216 508 401 575 omittenda
426 506 607 592 singularis
635 505 690 571 illa
715 505 904 590 integritas
927 503 1178 586 provincialis,

138 623 235 688 cuius
273 615 339 707 ego
378 638 486 706 nuper
523 620 557 684 in
592 617 794 685 Macedonia
827 617 896 683 vidi
930 617 1073 701 vestigia
1109 635 1178 683 non

138 753 252 818 pressa
277 734 394 800 leviter
415 731 458 798 ad
483 731 595 816 exigui
620 730 904 816 praedicationem
920 729 1093 814 temporis,
1118 728 1178 794 sed

137 845 204 911 lixa
248 845 291 911 ad
330 843 528 911 memoriam
567 842 656 908 illius
695 842 886 928 provinciae
924 840 1179 925 sempiternam;

136 976 253 1024 verum
283 958 366 1023 haec
393 957 438 1022 ita
466 958 726 1041 praetereamus
757 957 793 1020 ut
817 956 931 1019 tamen
955 954 1123 1019 intuentes
1146 955 1180 1018 et

138 1071 366 1154 respectantes
389 1068 635 1154 relinquamus:
660 1067 703 1133 ad
726 1066 942 1145 tribunatum,
966 1066 1024 1151 qui
1046 1066 1119 1150 ipse
1136 1065 1178 1131 ad

137 1201 215 1248 sese
249 1182 315 1247 iam
351 1180 480 1247 dudum
514 1183 613 1249 vocat
646 1183 679 1246 et
708 1179 858 1264 quodam
888 1179 992 1246 modo
1021 1178 1180 1245 absorbet

137 1295 324 1362 orationem
349 1311 471 1373 meam,
495 1295 655 1359 contento
677 1291 791 1358 studio
808 1308 975 1376 cursuque
990 1291 1177 1357 veniamus,

223 1408 275 1474 De
309 1425 379 1495 quo
414 1406 552 1491 quidem
583 1404 754 1471 tribunatu
782 1404 826 1470 ita
854 1404 980 1470 dictum
1009 1406 1107 1470 esta
1136 1403 1178 1484 Q.
1199 1412 1232 1466 14

140 1519 334 1600 Hortensio,
357 1524 393 1587 ut
416 1520 490 1586 eius
506 1519 613 1586 oratio
631 1536 699 1583 non
717 1516 949 1583 defensionem
966 1516 1071 1582 modo
1087 1516 1179 1582 vide·

139 1635 227 1698 retur
249 1633 425 1698 criminum
450 1632 631 1709 continere,
656 1630 716 1696 sed
740 1630 840 1696 etiam
862 1629 1024 1695 memoria
1041 1628 1179 1713 dignam

139 1743 304 1810 iuventuti
325 1745 370 1810 rei
395 1743 551 1828 publicae
574 1742 804 1827 capessendae
828 1741 1057 1808 auctoritatem
1081 1740 1179 1806 disci-

139 1856 335 1942 plinamque
356 1855 598 1941 praescribere.
645 1853 711 1922 Sed
739 1857 863 1933 tamen,
891 1853 1054 1940 quoniam
1077 1852 1179 1918 tribu-

139 1971 238 2035 natus
272 1971 364 2035 totus
391 1969 427 2035 P.
456 1967 544 2036 Sesti
580 1967 661 2033 nihil
696 1967 788 2033 aliud
820 1967 883 2033 nisi
912 1983 1025 2032 meum
1054 1984 1180 2031 nomen

137 2099 345 2165 causamque
369 2081 538 2160 sustinuit,
563 2081 754 2146 necessario
778 2080 860 2145 mihi
884 2078 926 2144 de
950 2079 1058 2145 isdem
1080 2077 1181 2144 rebus

139 2211 216 2259 esse
245 2193 384 2259 arbitror
411 2194 439 2259 si
468 2211 537 2258 non
565 2192 722 2259 subtilius
751 2191 1004 2276 disputandum,
1034 2193 1180 2257 atcerte

141 2303 312 2371 dolentius
339 2304 596 2390 deplorandum.
643 2304 720 2386 Qua
741 2294 777 2370 'in
801 2305 952 2370 oratione
976 2304 1004 2369 si
1028 2304 1180 2388 asperius

141 2416 175 2480 in
204 2416 373 2501 quosdam
403 2417 560 2483 homines
588 2417 700 2483 invehi
734 2416 867 2495 vellem,
897 2416 973 2500 quis
1003 2434 1072 2481 non
1100 2433 1179 2482 con·

138 2527 282 2607 cederet,
307 2532 343 2595 ut
363 2547 434 2609 eos,
458 2547 603 2615 quorum
621 2529 755 2596 sceleris
771 2529 880 2596 lurore
896 2528 1041 2594 violatus
1058 2545 1179 2606 essem,

140 2641 234 2706 vocis
268 2641 420 2708 libertate
455 2642 735 2727 perstringerem?
782 2639 849 2708 Sed
879 2659 979 2726 agam
1008 2639 1180 2707 moderate

140 2755 173 2818 et
204 2753 304 2819 buius
332 2754 446 2839 potius
473 2755 617 2840 tempori
646 2754 788 2820 serviam
817 2771 919 2839 quam
950 2753 1057 2819 dolori
1088 2771 1180 2819 meo:

141 2865 170 2928 si
198 2867 256 2950 qui
285 2866 413 2932 occulte
437 2886 456 2932 a
480 2866 588 2932 salute
613 2868 726 2932 nostra
750 2865 963 2944 dissentiunt,
987 2865 1125 2943 lateant3
1152 2865 1180 2930 si

143 2976 200 3060 qui
216 2976 366 3043 iecerunt
381 2977 509 3063 aliquid
526 2977 711 3062 aliquando
727 2979 829 3062 atque
846 2977 956 3042 eidem
970 2994 1059 3043 nunc
1071 2979 1182 3043 tacent

141 3090 176 3152 et
199 3088 386 3171 quiescunt,
411 3108 474 3156 nos
498 3107 637 3175 quoque
661 3089 768 3155 simus
793 3088 903 3167 obliti;
927 3090 1029 3174 siqui
1046 3107 1083 3155 se
1100 3089 1180 3154 olle-

139 3202 226 3277 runt,
262 3200 474 3280 insectantur,
509 3201 624 3287 quoad
658 3201 732 3267 ierri
764 3203 930 3286 poterunt,
965 3201 1180 3286 perferemus,

142 3330 252 3397 neque
277 3329 483 3397 quemquam
508 3313 658 3378 otlendet
680 3313 786 3379 oratio
810 3331 895 3391 mea,
920 3313 984 3377 nisi
1008 3313 1065 3396 qui
1082 3330 1119 3377 se
1135 3313 1179 3378 ita

141 3424 309 3504 obtulerit,
338 3425 434 3491 utin
464 3443 542 3490 eum
572 3444 640 3492 non
670 3425 845 3504 invasisse,
875 3425 935 3490 sed
960 3425 1180 3490 incucurrisse

140 3537 325 3604 videamur.

230 3762 297 3828 Sed
321 3780 460 3829 necesse
484 3765 545 3841 est,
569 3764 751 3846 antequam
776 3761 818 3826 de
840 3760 1011 3826 tribunatu
1035 3760 1071 3826 P.
1093 3759 1180 3826 Sesti
1201 3767 1233 3825 15

141 3872 253 3940 dicere
277 3875 446 3960 incipiam,
475 3893 530 3941 me
558 3877 667 3941 totum
697 3873 879 3958 superioris
907 3873 986 3939 anni
1014 3873 1076 3939 rel
1105 3889 1180 3954 pu-

140 3988 283 4055 blicae
306 3987 575 4075 nautraglum
593 4004 772 4071 exponere,
796 3986 830 4052 in
846 4004 915 4071 quo
932 3984 1130 4067 colligendo
1144 4004 1190 4047 ae
