2648 4446
365 309 436 370 ruo
454 309 483 364 P.
503 309 626 366 sesno
645 309 778 370 ounuo
797 310 815 378 s
831 309 943 365 97-99.
1129 311 1172 377 49

139 499 297 568 ordinum
314 499 479 579 homines,
497 501 621 586 quibus
637 503 729 585 patet
743 500 843 578 curia,
859 502 937 565 sunt
952 499 1172 584 municipales

137 612 322 697 rusticique
346 612 500 691 Romani,
528 615 607 678 sunt
630 612 756 697 negotii
780 614 944 697 gerentes,
972 614 1050 677 sunt
1071 611 1172 678 etiam

103 731 109 744 '
136 723 280 791 libertini
308 725 498 809 optimates.
544 725 723 803 Numerus,
752 726 789 790 ut
810 723 889 804 dixi,
917 724 1017 790 huius
1040 724 1173 808 generis

137 836 202 903 late
230 838 264 903 et
288 837 379 903 varie
409 836 553 903 diiiusus
581 839 646 915 est;
681 836 740 903 sed
768 854 877 922 genus
900 836 1104 916 universum,
1138 838 1174 902 ut

141 947 277 1014 tollatur
310 966 412 1027 error,
447 949 538 1016 brevi
572 948 795 1015 circumscribi
829 951 863 1015 et
889 947 1019 1014 definiri
1047 950 1173 1033 potest:

143 1074 275 1127 omnes
301 1061 498 1143 optimates
529 1065 625 1141 sunt,
652 1061 714 1144 qui
741 1075 860 1143 neque
887 1064 1062 1128 nocentes
1091 1063 1176 1127 sunt

143 1187 212 1238 nec
246 1176 376 1239 natura
410 1173 568 1255 improbi
603 1188 670 1239 nec
703 1172 833 1240 turiosi
867 1187 935 1239 nec
968 1173 1074 1239 malis
1108 1173 1175 1240 do-

142 1283 304 1350 mesticis
336 1284 511 1367 lmpeditl.
561 1284 621 1350 Est
647 1285 757 1369 igitur,
792 1286 829 1349 ut
855 1284 877 1348 ii
905 1284 980 1364 sint,
1009 1302 1110 1369 quam
1138 1286 1173 1349 tu

137 1389 337 1463 ‘nationem'
365 1396 552 1482 appellasti,
581 1397 639 1481 qui
666 1399 700 1463 et
726 1397 845 1481 integri
873 1399 951 1462 sunt
978 1399 1011 1464 et
1039 1397 1120 1463 boni
1143 1400 1176 1463 et

142 1509 214 1574 sani
244 1511 277 1575 et
300 1509 387 1576 bene
411 1508 454 1575 de
477 1509 578 1575 rebus
602 1508 796 1575 domesticis
819 1510 1000 1575 constituti.
1045 1510 1173 1576 Horum

145 1619 204 1703 qui
220 1620 394 1699 voluntati,
411 1620 610 1700 commodis,
628 1621 847 1706 opinionibus
864 1621 897 1685 in
909 1621 1129 1706 gubernanda
1140 1641 1174 1690 re

146 1731 282 1816 publica
306 1733 463 1813 serviunt,
488 1733 682 1799 defensores
706 1734 917 1819 optimatium
941 1734 1074 1820 ipsique
1089 1735 1174 1820 opti-

140 1845 248 1910 mates
282 1846 471 1930 gravissimi
506 1848 538 1911 et
572 1845 748 1911 clarissimi
783 1846 872 1912 cives
902 1850 1118 1913 numerantur
1144 1849 1177 1913 et

143 1957 310 2042 principes
333 1958 485 2024 civitatis.

229 2069 321 2150 Quid
362 2073 413 2136 est
450 2070 550 2155 igitur
585 2070 817 2152 propositum
852 2070 903 2136 his
937 2071 983 2137 rei
1021 2071 1175 2157 publicae
1193 2079 1228 2135 98

148 2180 440 2265 gubernatoribus,
474 2182 566 2267 quod
601 2183 721 2249 intueri
755 2185 787 2248 et
821 2200 890 2267 quo
917 2201 1050 2249 cursum
1078 2202 1177 2251 suum

145 2291 296 2377 derigere
318 2292 485 2360 debeant?
508 2295 543 2360 ld
560 2294 653 2379 quod
670 2296 721 2360 est
736 2295 1059 2380 praestantissimum
1076 2297 1178 2361 maxi·

150 2422 274 2490 meque
297 2406 445 2490 optabile
465 2407 625 2472 omnibus
641 2408 732 2472 sanis
749 2409 782 2472 et
796 2407 895 2473 bonis
911 2409 944 2473 et
959 2407 1080 2474 beatis:
1102 2426 1177 2474 cum

150 2517 313 2602 dignitate
341 2519 457 2585 otium.
504 2519 579 2585 Hoc
606 2520 663 2605 qui
692 2520 819 2599 volunt,
848 2537 967 2586 omnes
990 2520 1179 2606 optimates,

147 2630 206 2714 qui
241 2630 402 2710 eiliciunt,
438 2633 562 2697 summi
595 2633 654 2698 viri
690 2634 723 2698 et
755 2634 1006 2698 conservatores
1040 2634 1180 2699 civitatis

145 2744 312 2827 putantur.
364 2743 485 2829 Neque
516 2745 606 2811 enim
634 2762 742 2810 rerum
770 2744 992 2828 gerendarum
1018 2744 1180 2828 dignitate

149 2853 304 2922 homines
328 2855 434 2921 elierri
458 2857 502 2922 ita
526 2858 692 2935 convenit,
722 2858 758 2921 ut
781 2857 851 2922 otio
874 2874 942 2921 non
966 2857 1180 2941 prospiciant,

149 2984 259 3052 neque
288 2967 394 3034 ullum
424 2968 604 3052 amplexari
629 2970 745 3047 otium,
774 2968 865 3053 quod
890 2968 1066 3035 abhorreat
1088 2987 1107 3034 a
1132 2968 1179 3034 di-

147 3079 283 3162 gnitate.
330 3079 441 3145 Huius
465 3082 576 3145 autem
606 3081 736 3146 otiosae
764 3079 936 3164 dignitatis
959 3081 1041 3146 haec
1064 3079 1181 3146 lunda-

151 3193 264 3256 menta
293 3194 380 3270 sunt,
412 3192 494 3258 haec
521 3191 681 3271 membra,
711 3210 797 3276 quae
824 3191 948 3258 tuenda
977 3192 1182 3277 principibus

149 3305 182 3369 et
215 3303 268 3369 vel
303 3304 421 3387 capitis
450 3304 598 3387 periculo
627 3304 839 3370 defendenda
867 3307 958 3370 sunt:
993 3304 1182 3388 religiones,

148 3416 309 3501 auspicia,
335 3417 519 3500 potestates
542 3416 807 3499 magistratuum,
832 3418 968 3482 senatus
991 3417 1179 3495 auctoritas,

148 3526 252 3612 leges,
281 3547 356 3594 mos
380 3529 555 3607 maiorum,
583 3527 715 3607 iudicia,
743 3529 822 3594 iuris
845 3528 957 3607 dictio,
984 3527 1079 3608 iides,
1103 3547 1178 3614 pro-

147 3640 287 3719 vinciae,
312 3641 404 3728 socii,
429 3641 558 3726 imperii
583 3640 666 3720 laus,
691 3659 742 3706 res
766 3641 926 3720 militaris,
949 3641 1121 3706 aerarium.

236 3753 364 3818 Harum
388 3771 496 3818 rerum
514 3754 563 3818 tot
579 3755 680 3836 atque
696 3754 861 3818 tantarum
878 3771 953 3818 esse
970 3752 1179 3819 defensorem
1198 3760 1233 3816 99

147 3865 182 3929 et
215 3866 393 3949 patronum
425 3866 547 3948 magni
576 3863 688 3930 animi
717 3867 780 3944 est,
809 3866 923 3949 magni
950 3865 1075 3950 ingenii
1111 3883 1179 3930 ma-

147 3995 305 4061 gnaeque
328 3978 545 4044 constantiae.
584 3978 715 4044 Etenim
739 3978 772 4042 in
794 3980 886 4044 tanto
902 3978 1023 4044 civium
1042 3993 1182 4042 numero

200 4092 283 4143 Cicero,
296 4106 338 4148 pro
352 4095 432 4140 Sestio.
460 4097 522 4140 Text
1013 4096 1034 4145 ὁ.
