2648 4446
182 326 222 392 16
407 323 478 385 PRO
496 323 524 378 P.
544 322 664 379 SESTIO
683 323 816 385 ORATIO
835 323 853 392 ᾗ
871 322 982 378 32-33.

175 514 354 581 concilium
389 518 446 581 aut
480 517 621 583 omnino
648 515 786 600 aliquod
814 532 996 582 commune
1023 514 1217 594 consilium,

177 625 270 711 quod
293 630 364 693 tum
385 645 454 693 non
471 627 809 694 honorificentissime
825 628 868 695 de
884 644 959 693 mea
976 626 1084 692 salute
1101 626 1216 693 decre-

177 739 295 805 visset:
334 757 410 804 cum
447 738 562 806 subito
596 740 744 808 edicunt
778 739 847 806 duo
884 738 1058 818 consules,
1098 741 1135 804 ut
1173 737 1216 804 ad

180 869 278 917 suum
312 853 469 918 vestitum
504 854 677 918 senatores
711 852 864 918 redirent.
927 850 1014 932 Quis
1049 868 1213 936 umquam

177 963 296 1029 consul
319 967 473 1030 senatum
497 964 605 1049 ipsius
629 962 769 1030 decretis
793 982 908 1049 parere
932 964 1113 1048 prohibuit,
1139 963 1218 1049 quis

178 1077 339 1163 tyrannus
366 1077 508 1142 miseros
536 1077 652 1162 lugere
678 1078 805 1143 vetuit?
849 1076 1017 1143 Parumne
1040 1079 1101 1156 est,
1125 1076 1220 1156 Piso,

181 1190 217 1253 ut
236 1188 388 1254 omittam
406 1187 602 1269 Gabinium,
626 1189 719 1275 quod
736 1191 866 1255 tantum
890 1190 1046 1255 homines
1061 1188 1219 1268 fefellisti,

181 1302 217 1366 ut
247 1300 445 1390 neglegeres
472 1303 703 1368 auctoritatem
731 1304 877 1382 senatus,
907 1301 1026 1386 optimi
1054 1301 1222 1386 cuiusque

180 1413 319 1479 consilia
354 1416 597 1493 contemneres,
633 1433 702 1481 rem
733 1414 902 1500 publicam
933 1413 1103 1498 proderes
1138 1431 1218 1480 con-

180 1525 290 1592 sulare
318 1545 442 1593 nomen
466 1527 655 1611 affligeres?
685 1528 831 1593 etiamne
854 1525 983 1592 edicere
1007 1525 1145 1605 audeas,
1177 1543 1220 1591 ne

182 1641 367 1704 maererent
389 1640 545 1705 homines
569 1658 690 1718 meam,
715 1657 822 1718 suam,
846 1639 892 1705 rei
913 1638 1068 1724 publicae
1084 1637 1219 1704 calami·

181 1753 294 1829 tatem,
329 1769 371 1816 ne
405 1752 495 1817 hunc
529 1770 628 1818 suum
664 1752 816 1818 dolorem
850 1754 943 1818 veste
972 1751 1220 1835 significarent?

183 1860 260 1929 Sive
294 1862 348 1928 illa
376 1864 480 1929 vestis
508 1865 649 1930 mutatio
678 1864 721 1930 ad
748 1864 874 1930 luctum
903 1865 1054 1949 ipsorum
1082 1863 1153 1929 sive
1177 1862 1219 1929 ad

182 1973 432 2059 deprecandum
455 1976 598 2055 valebat,
623 1977 699 2061 quis
724 1994 886 2062 umquam
902 1978 970 2041 tam
987 1974 1132 2041 crudelis
1147 1974 1220 2054 fuit,

185 2087 242 2171 qui
266 2087 458 2172 prohiberet
481 2106 687 2173 quemquam
712 2092 769 2155 aut
786 2089 849 2154 sibi
867 2107 1013 2154 maerere
1030 2090 1087 2154 ant
1103 2087 1221 2154 ceteris

133 2207 168 2262 33
186 2200 395 2286 supplicare?
430 2201 544 2283 Quid?
567 2220 629 2267 sua
652 2204 774 2287 sponte
798 2203 954 2268 homines
978 2201 1011 2267 in
1036 2201 1221 2267 amicorum

184 2312 339 2397 periculis
373 2314 530 2378 vestitum
563 2317 691 2380 mutare
719 2333 788 2380 non
816 2314 949 2380 solent?
983 2331 1045 2398 pro
1072 2314 1105 2378 te
1132 2312 1220 2397 ipso,

184 2424 273 2504 Piso,
298 2443 443 2491 nemone
467 2426 631 2491 mutabit?
659 2445 701 2491 ne
725 2426 779 2491 isti
803 2425 952 2510 quidem,
977 2443 1064 2510 quos
1087 2424 1220 2510 legatos

185 2554 254 2603 non
285 2536 389 2602 modo
418 2537 510 2602 nullo
539 2541 676 2603 senatus
704 2538 870 2617 consult0,
906 2537 965 2604 sed
995 2538 1095 2604 etiam
1124 2553 1222 2622 repu-

185 2651 309 2732 gnante
341 2651 461 2714 senatu
491 2648 550 2714 tibi
581 2652 653 2715 tute
682 2650 824 2736 legasti?
869 2651 958 2735 Ergo
988 2650 1136 2715 hominis
1165 2648 1222 2714 de·

186 2760 307 2844 sperati
346 2762 378 2825 et
416 2759 595 2845 proditoris
632 2762 678 2827 rei
716 2761 871 2847 publicae
906 2779 1022 2827 casum
1056 2759 1224 2846 lugebunt

185 2872 336 2950 fortasse,
371 2873 429 2957 qui
459 2873 586 2939 volent:
622 2874 703 2940 civis
730 2874 958 2940 florentissimi
987 2871 1225 2939 benevolentia

186 2984 353 3050 bonorum
383 2988 415 3050 et
442 2986 569 3070 optime
598 2986 640 3051 de
668 2986 775 3051 salute
804 2987 929 3070 patriae
958 2986 1065 3052 meriti
1086 2984 1225 3069 *pericu-

187 3097 256 3162 lum
280 3097 495 3162 coniunctum
520 3116 596 3164 cum
620 3098 768 3183 periculo
791 3097 933 3164 civitatis
956 3098 1072 3184 lugere
1092 3096 1225 3163 senatui

188 3227 256 3275 non
280 3209 412 3276 licebit?
428 3209 674 3296 —Eidemque
697 3211 865 3290 consules,
890 3212 917 3277 si
934 3210 1128 3296 appellandi
1145 3212 1226 3275 sunt

187 3324 354 3402 consules,
379 3342 466 3409 qnos
490 3342 591 3389 nemo
615 3325 666 3389 est
689 3323 770 3408 quin
788 3343 855 3390 non
873 3323 977 3391 modo
994 3342 1036 3390 ex
1052 3323 1226 3401 memoria,

189 3435 249 3500 sed
277 3436 377 3501 etiam
408 3454 448 3501 ex
469 3435 564 3501 fastis
587 3435 783 3503 evellendos
807 3438 911 3521 putet,
941 3439 1040 3521 pacto
1064 3436 1131 3501 iam
1154 3434 1226 3500 foe·

189 3545 266 3612 dere
290 3548 535 3631 provinciarum
559 3547 712 3633 producti
737 3549 770 3614 in
794 3549 881 3615 circo
898 3548 1065 3614 Flaminio
1089 3548 1123 3612 in
1146 3564 1228 3613 con·

189 3659 315 3725 tionem
351 3659 393 3725 ab
428 3659 482 3725 illa
516 3660 599 3726 furia
631 3679 669 3726 ac
696 3663 791 3747 peste
819 3661 945 3746 patriae
973 3660 1122 3726 maximo
1150 3676 1229 3725 cum

190 3772 317 3856 gemitu
340 3775 452 3838 vestro
475 3772 530 3838 illa
555 3774 678 3852 omnia,
703 3792 790 3858 quae
806 3776 877 3839 ium
894 3775 1008 3839 contra
1025 3790 1080 3839 me
1096 3773 1228 3838 contra·

191 3903 256 3970 que
284 3903 353 3950 rem
382 3885 551 3970 publicam
578 3886 773 3970 agebantur,
807 3905 890 3953 voce
915 3905 953 3952 ac
976 3884 1142 3951 sententia
1167 3901 1230 3949 sua

192 3998 538 4078 comprobaverunt.
