2648 4446
159 306 203 374 56
372 304 442 366 PRO
461 304 489 360 P.
508 304 628 360 SESTIO
647 303 781 365 ORATIO
799 303 817 372 ὃ
838 303 981 358 114-116.

161 497 321 581 auspicia,
356 495 466 579 legem
494 494 634 573 Aeliam,
669 497 806 560 senatus
840 494 1081 573 auctoritatem,
1115 511 1195 560 con-

161 608 280 686 sulem,
318 606 476 691 collegas
514 606 681 673 bonorum
720 606 881 672 iudicium
920 606 1014 672 nihili
1053 609 1197 693 putaret,

162 719 365 786 aedilitatem
382 719 498 803 petivit
513 735 589 784 cum
606 718 705 784 bonis
716 719 796 785 viris
812 720 845 784 et
856 718 1052 785 hominibus
1066 719 1193 802 primis

163 831 223 898 sed
258 849 326 897 non
361 830 655 916 praestantissimis
690 830 813 916 opibus
848 830 881 894 et
914 831 1036 922 gratia:¹
1070 829 1195 895 tribum

163 961 259 1009 suam
284 960 352 1008 non
375 943 459 1021 tulit,
482 942 667 1008 Palatinam
692 942 848 1026 denique,
873 960 932 1027 per
954 959 1056 1027 quam
1073 959 1194 1008 omnes

164 1055 239 1121 illae
263 1057 375 1140 pestes
398 1073 518 1121 vexare
541 1073 610 1120 rem
634 1053 803 1139 publicam
820 1051 1025 1132 dicebantur,
1049 1053 1196 1138 perdidit

164 1186 225 1233 nec
252 1166 438 1252 quidquam
466 1167 531 1232 illis
558 1166 712 1248 comitiis,
744 1164 837 1251 quod
865 1164 947 1231 boni
974 1165 1034 1231 viri
1059 1165 1196 1245 vellent,

164 1279 229 1344 nisi
251 1278 420 1364 repulsam
442 1278 526 1344 tulit.
549 1278 735 1344 -Videtis
759 1278 860 1362 igitur
882 1277 1046 1362 populum
1070 1277 1197 1362 ipsum,

165 1393 201 1457 ut
223 1391 267 1456 ita
291 1390 410 1470 dicam,
435 1391 501 1456 iam
525 1408 593 1456 non
617 1409 692 1457 esse
716 1389 924 1475 popularem,
949 1390 1006 1474 qui
1030 1389 1074 1455 ita
1094 1389 1198 1456 vehe-

165 1505 293 1569 menter
325 1521 395 1581 eoS,
430 1503 488 1587 qui
522 1501 702 1586 populares
737 1501 910 1580 habentur,
949 1503 1093 1585 respuat,
1133 1518 1195 1567 eos

164 1616 287 1693 autem,
311 1614 369 1699 qui
393 1615 424 1680 ei
446 1615 561 1699 generi
577 1613 803 1693 adversantur,
827 1615 956 1680 honore
973 1611 1195 1699 dignissimos

166 1725 298 1792 iudicet.

98 1846 148 1903 115
250 1839 434 1905 Veniamus
458 1836 500 1903 ad
523 1837 651 1904 ludos.
690 1837 782 1903 Facit
802 1837 902 1915 enim,
926 1834 1064 1914 iudices,
1086 1837 1200 1903 vester

165 1952 228 2016 iste
252 1950 285 2014 in
310 1967 364 2015 me
388 1950 576 2015 animorum
599 1949 842 2035 oculorumque
859 1949 1040 2027 coniectus,
1064 1950 1101 2014 ut
1116 1947 1200 2013 mihi

167 2063 233 2129 ianr
256 2063 354 2129 licere
378 2065 492 2149 putem
515 2062 705 2128 remissiore
729 2063 776 2127 uti
800 2079 923 2146 genere
947 2059 1090 2127 dicendi.
1129 2059 1197 2127 Co·

167 2175 336 2241 mitiorum
364 2177 397 2242 et
423 2175 619 2243 contionum
644 2174 907 2259 significationes
931 2175 1010 2239 sunt
1032 2171 1200 2238 interdum

167 2306 274 2367 verae,
309 2289 388 2354 sunt
420 2305 676 2371 nonnumquam
709 2287 842 2353 vitiatae
874 2288 975 2371 atque
1006 2285 1197 2370 corruptae;

166 2400 343 2467 theatrales
377 2399 634 2485 gladiatoriique
668 2416 850 2465 consessus
878 2397 1033 2463 dicuntur
1059 2395 1201 2462 omnino

167 2511 275 2578 solere
297 2511 430 2577 levitate
454 2511 693 2578 nonnullorum
717 2513 850 2595 emptos
875 2510 1015 2594 plausus
1038 2508 1142 2575 exiles
1166 2509 1200 2574 et

167 2642 258 2690 raros
281 2623 437 2691 excitare:
465 2641 503 2689 ac
525 2625 637 2689 tamen
660 2623 756 2689 iacile
779 2625 839 2701 est,
864 2640 940 2688 cum
964 2619 998 2685 id
1021 2620 1068 2698 iit,
1092 2637 1196 2704 quem

168 2735 210 2801 ad
235 2734 375 2801 modum
399 2738 432 2802 et
454 2754 473 2801 a
496 2735 621 2821 quibus
643 2735 702 2800 liat
725 2737 758 2800 et
777 2733 858 2819 quid
875 2734 1003 2817 integra
1020 2729 1202 2796 multitudo

167 2848 274 2927 iaciat,
302 2847 425 2914 videre.
471 2847 564 2928 Quid
598 2865 664 2931 ego
699 2864 788 2911 nunc
821 2846 941 2923 dicam,
976 2844 1100 2929 quibus
1122 2843 1203 2908 viris

168 2962 225 3026 aut
251 2960 304 3026 cui
332 2960 446 3044 generi
470 2959 592 3026 civium
617 2959 762 3024 maxime
785 2957 987 3043 plaudatur?
1020 2955 1201 3023 Neminem

168 3075 314 3139 vestrum
342 3071 433 3137 lallit.
479 3071 529 3138 Sit
556 3072 620 3138 hoc
643 3090 724 3137 sane
747 3071 831 3149 leve,
859 3069 953 3155 quod
977 3069 1113 3136 nonita
1137 3069 1199 3146 est,

169 3185 330 3270 quoniam
359 3183 489 3268 optimo
517 3183 637 3268 cuique
666 3183 860 3267 impertitur,
890 3180 961 3260 sed,
991 3181 1018 3246 si
1043 3182 1094 3247 est
1115 3179 1200 3259 leve,

168 3296 297 3362 homini
324 3295 417 3380 gravi
440 3295 513 3361 leve
537 3297 597 3373 est,
626 3295 768 3373 civero,
797 3294 854 3379 qui
878 3293 1003 3379 pendet
1025 3291 1126 3358 rebus
1149 3290 1196 3356 le·

168 3408 325 3486 vissimis,
349 3408 407 3492 qui
430 3424 563 3473 rumore
587 3408 629 3486 et,
652 3409 689 3472 ut
711 3407 775 3492 ipsi
792 3406 984 3491 loquuntur,
1007 3404 1121 3471 lavore
1138 3421 1200 3488 po-

168 3518 238 3605 puli
261 3521 392 3586 tenetur
414 3521 447 3586 et
466 3517 605 3597 ducitur,
630 3518 787 3602 plausum
803 3517 1097 3593 immortalitatem,
1121 3514 1202 3582 sibi-

101 3639 151 3696 116
168 3631 237 3697 lum
261 3633 402 3698 mortem
425 3630 529 3697 videri
554 3648 692 3697 necesse
716 3632 775 3696 est.
817 3629 867 3695 Ex
881 3631 914 3694 te
930 3629 1040 3712 igitur,
1065 3626 1199 3705 Scaure,

167 3744 381 3829 potissimum
405 3762 541 3829 quaero,
565 3743 623 3828 qui
646 3742 747 3808 ludos
770 3741 1047 3827 apparatissimos
1071 3739 1202 3824 magni·

89 3854 93 3862 '
166 3855 473 3940 licentissimosque
505 3856 621 3936 iecisti,
660 3856 775 3941 ecquis
810 3855 949 3920 istorum
984 3851 1200 3937 popularium

166 3969 244 4034 tuos
278 3966 378 4034 ludos
412 3968 587 4052 aspexerit,
621 3968 737 4053 ecquis
771 3985 808 4033 se
836 3965 970 4032 theatro
1000 3963 1200 4049 populoque
