2648 4446
371 326 441 388 PRO
460 326 487 380 Ρ.
508 325 628 381 SESTIO
647 324 780 386 ORATIO
799 325 817 393 ἓ
835 324 947 380 34-35.
1138 326 1177 392 17

229 519 406 603 Isdemque
430 517 628 585 consulibus
652 516 848 582 sedentibus
871 517 972 602 alque
989 516 1177 601 inspectan·
1195 522 1231 578 34

136 632 232 698 tibus
259 629 351 697 latu
380 629 448 698 lex
481 632 557 706 est,
593 649 635 696 ne
664 629 813 715 auspicia
839 629 997 708 valerent,
1033 628 1179 712 nequis

138 744 367 823 obnuntiaret,
402 762 445 811 ne
480 744 557 829 quis
591 743 657 829 legi
693 741 919 820 intercederet,
954 743 991 808 ut
1021 740 1180 807 omnibus

136 855 236 922 lastis
260 856 381 923 diebus
405 856 516 940 legem
531 856 606 921 terri
622 855 743 934 liceret,
768 857 804 921 ut
819 854 872 920 lex
887 854 991 933 Aelia,
1015 854 1069 920 lex
1085 853 1182 920 Fufia

136 987 181 1034 nc
212 969 351 1047 valeret3
386 987 452 1054 qua
483 987 549 1034 una
578 967 752 1051 rogatione
781 967 857 1053 quis
883 968 934 1033 est
956 966 1015 1052 qui
1039 985 1107 1032 non
1131 967 1180 1031 in-

141 1081 281 1166 tellegat
314 1081 504 1147 universam
539 1098 608 1145 rem
639 1080 808 1165 publicam
841 1097 916 1146 esse
944 1079 1113 1146 deletam?
1138 1117 1183 1126 -

137 1193 323 1278 Isdemque
357 1193 554 1259 consulibus
588 1192 855 1277 inspectantibus
885 1208 1097 1258 servorum
1124 1190 1183 1257 di-

139 1303 275 1372 lectus
298 1305 485 1372 habebatur
506 1323 567 1391 pro
590 1305 748 1371 tribunali
763 1304 900 1370 Aurelio
925 1305 1062 1370 nomine
1082 1304 1182 1370 colle-

143 1417 290 1502 giorum,
306 1436 382 1484 cum
398 1418 532 1484 vicatim
549 1418 705 1484 homines
721 1417 1018 1495 conscriberentur,
1035 1416 1182 1482 decuria·

138 1532 269 1609 rentur,
293 1530 336 1596 ad
352 1531 431 1608 vim,
455 1530 498 1596 ad
515 1548 646 1608 manus,
671 1530 714 1595 ad
732 1529 882 1608 caedem,
900 1530 943 1595 ad
960 1529 1183 1614 direptionem

139 1643 369 1709 incitarentur.
381 1682 425 1690 -
437 1643 615 1728 Isdemque
631 1643 829 1709 consulibus
846 1660 959 1708 orma
974 1643 1007 1707 in
1020 1641 1184 1727 templum

139 1753 299 1820 Castoris
316 1755 427 1840 palam
444 1756 749 1839 comportabantur,
766 1754 890 1839 gradus
904 1754 1056 1820 eiusdem
1069 1753 1185 1838 templi

139 1867 360 1946 tollebantur,
384 1869 501 1953 armati
525 1869 681 1934 homines
704 1868 814 1934 lorum
839 1869 872 1933 et
894 1867 1070 1933 contiones
1094 1868 1186 1931 tene·

144 1979 240 2058 bant,
264 1980 385 2046 caedes
413 1980 707 2065 lapidationesque
734 1980 871 2058 liebant,
897 1979 1009 2046 nullus
1038 1978 1186 2063 eratjse·

141 2094 259 2170 natus
284 2093 365 2158 nihil
382 2093 500 2178 reliqui
517 2095 742 2178 magistratus,
767 2111 855 2159 unus
874 2110 1010 2158 omnem
1035 2092 1187 2158 omnium

142 2206 353 2286 potestatem
378 2205 478 2270 armis
502 2207 534 2270 et
557 2205 737 2271 latrociniis
761 2205 961 2289 possidebat
983 2222 1052 2270 non
1076 2203 1188 2289 aliqua

142 2315 175 2380 vi
210 2334 283 2394 sua,
314 2316 373 2382 sed
402 2334 479 2382 cum
508 2317 576 2383 duo
604 2318 761 2384 consules
796 2337 815 2383 a
839 2336 873 2383 re
897 2317 1031 2402 publica
1055 2317 1188 2402 provin·

142 2428 277 2494 ciarum
311 2429 446 2494 loedere
481 2430 680 2509 retraxisset,
715 2429 906 2505 insultabat,
942 2429 1189 2508 dominabatur,

141 2540 218 2606 aliis
241 2541 470 2626 pollicebatur,
494 2544 617 2608 terrore
633 2561 671 2608 ac
687 2544 779 2608 metu
797 2542 934 2620 multos,
959 2542 1072 2628 plures
1088 2542 1188 2608 eliam

141 2671 205 2737 spe
231 2656 264 2719 et
291 2655 467 2739 promissis
490 2655 636 2721 tenebat.

241 2766 339 2848 Quae
356 2786 432 2833 cum
450 2771 563 2833 essent
579 2768 652 2833 eius
668 2768 772 2846 modi,
796 2768 935 2846 iudices,
961 2786 1038 2833 cum
1054 2769 1192 2832 senatus
1210 2773 1245 2830 35

143 2876 255 2943 duces
289 2879 401 2945 nullos
436 2898 474 2945 ac
508 2898 568 2964 pro
597 2879 740 2946 ducibus
768 2878 956 2964 proditores
987 2882 1044 2944 aut
1077 2879 1191 2964 polius

142 2993 286 3074 apertos
309 2993 424 3058 hostes
448 2992 595 3072 haberet,
619 2995 775 3077 equester
801 2993 885 3059 ordo
909 3011 985 3058 reus
1009 2991 1191 3058 aconsuli-

145 3102 210 3167 bus
251 3103 416 3183 citaretur,
451 3105 562 3171 ltaliae
597 3106 700 3171 totius
735 3106 915 3171 auctoritas
953 3104 1191 3190 repudiaretur,

142 3214 201 3279 alii
247 3217 445 3282 nominatim
479 3218 718 3302 relegarentur,
756 3218 812 3283 alii
851 3221 942 3284 metu
978 3220 1010 3283 et
1043 3217 1191 3303 periculo

144 3329 359 3406 terrerentur,
395 3347 486 3395 arma
516 3332 629 3395 essent
657 3332 691 3396 in
719 3331 865 3415 templis,
900 3330 1017 3396 armati
1049 3331 1083 3394 in
1106 3329 1191 3408 loro,

141 3457 261 3525 ¹caque
290 3459 358 3506 non
386 3440 521 3506 silentio
544 3442 722 3508 consulum
747 3441 1049 3520 dissimularentur,
1077 3441 1194 3507 sedet

146 3570 231 3618 voce
258 3556 291 3618 et
313 3554 478 3620 sententia
502 3555 814 3639 comprobarentur;
839 3572 915 3621 cum
939 3572 1059 3621 omnes
1076 3534 1192 3619 urbem

147 3664 306 3731 nondum
338 3667 483 3733 excisam
507 3668 540 3732 et
562 3685 724 3746 eversam,
755 3666 815 3733 sed
841 3667 908 3733 iam
932 3669 1064 3751 captam
1092 3667 1193 3751 atque

143 3793 194 3859 op
204 3795 354 3861 pressam
371 3780 576 3846 videremus:
593 3782 706 3845 tamen
723 3780 775 3844 his
792 3780 892 3845 tantis
910 3779 1007 3845 malis
1022 3782 1116 3845 tanto
1133 3778 1193 3844 bo·

144 3906 276 3954 norum
292 3890 416 3970 studi0,
433 3892 572 3971 iudices,
591 3893 845 3970 restitissemus;
866 3891 926 3959 sed
951 3910 1010 3957 me
1027 3892 1094 3957 alii
1114 3910 1193 3957 me·

149 4003 214 4067 tus
231 4003 352 4087 atque
368 4003 471 4069 aliae
487 4022 604 4071 curae
620 4004 972 4092 suspicionesque
983 4001 1220 4066 mouerunt.

198 4119 287 4171 Cicero,
299 4131 343 4175 pro
358 4122 434 4167 Sestio
468 4124 531 4169 Text.
1038 4116 1063 4167 Ἴ.
