2648 4446
190 319 233 385 48
421 316 491 378 PRO
509 317 537 370 P.
558 316 677 372 SESTIO
697 316 830 377 ORATIO
849 317 868 386 ᾗ
884 316 995 372 95-97.

188 508 246 593 qui
285 507 387 574 aedes
426 526 550 587 sacras,
590 508 647 592 qui
683 508 805 575 domos
840 508 1050 574 inimicorum
1087 526 1227 575 suorum

189 621 411 705 oppugnavit,
447 620 596 699 exscidit,
630 620 788 698 incendit,
823 621 881 705 qui
916 621 1058 706 stipatus
1093 639 1229 706 semper

188 733 325 811 sicariis,
350 735 487 816 saeptus
511 732 655 811 armatis
681 733 830 797 munitus
854 731 1022 798 indicibus
1045 733 1116 811 fuit,
1142 751 1227 818 quo-

188 864 260 910 rum
285 844 387 911 hodie
411 845 508 928 copia
532 844 707 921 redundat,
731 844 788 929 qui
810 846 843 910 et
859 845 1069 929 peregrinam
1087 863 1227 911 manum

188 959 453 1024 facinorosorum
477 957 655 1024 concitavit
677 959 710 1022 et
733 975 849 1023 servos
865 957 907 1022 ad
925 957 1063 1024 caedem
1081 957 1227 1025 idoneos

188 1071 269 1136 emit
292 1072 325 1134 et
348 1071 380 1134 in
404 1068 573 1135 tribunatu
597 1087 759 1134 carcerem
784 1071 891 1135 totum
916 1069 950 1134 in
970 1070 1080 1135 forum
1098 1068 1227 1148 effudit

188 1183 305 1249 volitat
328 1182 456 1261 aediliS,
480 1185 614 1248 accusat
637 1201 725 1261 eum,
754 1183 811 1266 qui
836 1183 948 1266 aliqua
973 1201 1014 1248 ex
1036 1185 1130 1268 parte
1154 1183 1228 1249 eius

188 1296 332 1360 furorem
358 1295 579 1360 exsultantem
602 1294 771 1379 repressit:
796 1294 859 1373 bic,
884 1294 942 1378 qui
966 1311 1002 1360 se
1026 1295 1078 1360 est
1099 1295 1229 1361 tutatus

189 1409 246 1486 sic,
271 1409 307 1472 ut
331 1407 364 1472 in
388 1407 514 1492 privata
538 1425 572 1472 re
595 1405 680 1472 deos
704 1409 843 1491 penates
868 1423 959 1485 suos,
984 1407 1017 1471 in
1041 1406 1228 1492 republica

190 1521 260 1585 iura
294 1519 481 1586 tribunatus
516 1522 617 1603 atque
652 1519 802 1603 auspicia
833 1519 1036 1598 defenderet,
1071 1537 1228 1585 accusare

190 1650 267 1698 eum
293 1631 474 1709 moderate,
506 1649 524 1696 a
549 1649 617 1715 quo
642 1632 715 1716 ipse
739 1631 862 1696 nefarie
886 1633 1069 1709 accusatur,
1093 1648 1154 1716 per
1176 1649 1228 1697 se-

191 1747 289 1810 natus
313 1744 541 1810 auctoritatem
568 1761 636 1808 non
661 1745 712 1808 est
734 1744 828 1808 situs.
867 1743 1033 1808 Nimirum
1057 1742 1121 1809 hoc
1145 1742 1228 1808 illud

190 1860 250 1935 est,
275 1855 368 1941 quod
392 1855 434 1922 de
458 1874 512 1922 me
536 1856 749 1940 potissimum
774 1858 809 1920 tu
833 1856 866 1920 in
890 1855 1104 1922 accusatione
1125 1873 1227 1940 quae·

191 1969 272 2047 sisti,
308 1984 414 2050 quae
443 1971 559 2034 esset
586 1972 736 2034 nostra
761 1965 895 2034 ‘natio
925 1960 1228 2049 optimatlum’;

191 2082 238 2147 sic
272 2081 361 2146 enirn
391 2080 512 2145 dixisti.
559 2078 641 2152 Rem
670 2080 803 2164 quaeris
832 2079 1033 2164 praeclaram
1063 2079 1228 2145 iuventuti

191 2193 233 2260 ad
269 2193 467 2259 discendum
497 2211 558 2258 nec
585 2192 666 2257 mibi
696 2192 865 2257 difficilem
894 2192 936 2257 ad
961 2191 1229 2277 perdocendum;

191 2307 233 2373 de
258 2325 324 2391 qua
349 2325 466 2390 pauca,
495 2305 633 2383 iudices
658 2305 777 2383 dicam,
802 2307 844 2383 et,
869 2307 904 2369 ut
928 2304 1075 2384 arbitror,
1100 2323 1163 2371 nec
1186 2304 1228 2371 ab

192 2419 332 2485 utilitate
356 2437 483 2496 eorum,
507 2418 565 2502 qui
589 2417 736 2496 audient,
761 2436 822 2483 nec
845 2417 888 2482 ab
910 2417 1022 2483 officio
1038 2419 1150 2484 vestro
1167 2435 1229 2483 nec

191 2532 234 2598 ab
259 2533 331 2617 ipsa
355 2550 456 2597 causa
480 2530 514 2594 P.
540 2528 627 2595 Sesti
651 2530 842 2596 abhorrebit
866 2531 972 2596 oratio
996 2547 1081 2595 mea.

139 2879 173 2933 96
277 2869 356 2934 Duo
380 2887 503 2953 genera
527 2885 661 2952 semper
675 2869 709 2932 in
726 2868 787 2934 hac
803 2868 935 2933 civitate
951 2867 1084 2932 fuerunt
1100 2883 1228 2945 eorum,

193 2981 250 3065 qui
278 2981 400 3047 versari
429 2981 463 3044 in
491 2999 524 3045 re
548 2980 682 3064 publica
706 2983 806 3065 atque
830 2980 863 3044 in
888 2999 927 3045 ea
951 2997 988 3045 se
1012 2978 1230 3044 excellentius

192 3111 307 3178 gerere
331 3092 544 3169 studuerunt;
575 3092 699 3176 quibus
723 3110 763 3157 ex
786 3091 967 3176 generibus
991 3091 1083 3157 alteri
1107 3108 1144 3156 se
1167 3107 1228 3174 po·

193 3206 336 3291 pulares‚
365 3203 457 3269 alteri
487 3205 666 3288 optimates
691 3208 723 3269 et
746 3204 860 3269 haberi
884 3208 917 3270 et
941 3222 1016 3270 esse
1038 3202 1229 3270 voluerunt

193 3318 261 3400 Qui
285 3336 335 3396 ea,
360 3335 447 3400 quae
469 3316 635 3382 faciebant
659 3335 815 3401 quaeque
832 3315 997 3394 dicebant,
1022 3313 1230 3381 multitudini

192 3429 338 3496 iucunda
366 3428 526 3495 volebant
554 3446 639 3507 esse,
674 3429 865 3513 populares,
901 3429 959 3513 qui
985 3415 1099 3493 autem
1123 3427 1168 3492 ita
1192 3444 1230 3492 se

192 3542 363 3626 gerebant,
399 3543 435 3607 ut
469 3559 529 3607 sua
560 3540 699 3607 consilia
729 3542 859 3625 optimo
887 3540 1009 3624 cuique
1039 3538 1230 3624 probarent,

140 3663 175 3718 97
194 3653 373 3738 optimates
398 3651 616 3719 habebantur.
652 3650 752 3732 ‘Quis
776 3671 856 3737 ergo
880 3653 942 3718 iste
966 3651 1116 3737 optimus
1137 3650 1229 3735 quis-

193 3759 293 3851 quei'
322 3765 482 3843 Numer0,
507 3765 535 3830 si
552 3765 696 3849 quaeris,
717 3764 979 3830 innumerabiles
996 3762 1229 3849 (nequeenim

193 3879 287 3945 aliter
309 3880 395 3943 stare
419 3877 628 3964 possemusl:
653 3879 732 3943 sunt
753 3877 921 3962 principes
944 3875 1075 3943 consilii
1092 3874 1229 3959 publici,

192 3993 281 4071 sunt,
306 3990 364 4075 qui
389 4008 506 4056 eorum
531 3991 655 4056 sectam
680 3992 875 4074 sequuntur,
905 3991 984 4055 sunt
1005 3988 1229 4054 maximorum
