2648 4446
320 336 391 396 prro
409 334 437 390 Ρ.
457 334 577 392 sessio
596 334 730 395 onnno
748 335 767 404 s
785 334 895 391 73-74.
1085 340 1128 405 37

90 527 267 605 maiorum,
302 526 384 592 nihil
418 526 567 612 legibus3
602 545 670 593 non
705 544 808 611 posse
843 543 1049 610 quemquam
1085 527 1128 594 de

90 638 221 705 civitate
248 639 320 704 tolli
351 640 424 705 sine
451 638 591 717 iudicio;
626 637 668 704 de
691 638 800 722 capite
823 656 892 704 non
916 637 1020 705 modo
1043 638 1127 719 ferri,

91 749 151 815 sed
175 770 217 817 ne
241 750 379 817 iudicari
404 751 542 836 quidem
560 769 662 836 posse
678 750 742 816 nisi
759 750 904 816 comitiis
920 751 1128 830 centuriatis3

90 862 157 928 vim
191 864 297 929 fuisse
332 863 433 943 illam,
471 863 643 929 flammam
678 864 858 948 quassatae
892 863 937 928 rei
972 862 1128 949 publicae

90 974 427 1059 perturbatorumque
442 978 650 1059 temporum;
671 975 741 1040 iure
757 973 959 1059 iudiciisque
975 974 1127 1055 sublatis,

90 1104 215 1171 magna
239 1104 346 1151 rerum
370 1087 615 1171 permutatione
637 1086 854 1172 impendente
871 1086 1058 1153 declinasse
1074 1106 1128 1154 me

90 1198 229 1283 paulum
247 1200 280 1264 et
295 1216 355 1282 spe
371 1198 519 1284 reliquae
535 1198 783 1283 tranquillitatis
796 1200 990 1283 praesentes
1005 1198 1128 1266 fluctus

90 1312 393 1395 tempestatemque
434 1311 577 1396 fugisse;
616 1329 734 1395 quare,
772 1330 848 1377 cum
888 1311 1012 1377 absens
1058 1331 1127 1378 rem

90 1421 258 1506 publicam
283 1442 353 1489 non
377 1423 489 1489 minus
513 1423 647 1508 magnis
670 1423 826 1508 periculis
850 1442 951 1508 quam
976 1423 1126 1508 quodam

89 1537 240 1621 tempore
263 1554 424 1621 praesens
447 1535 653 1614 liberassem,
683 1554 751 1602 non
775 1537 901 1602 restitui
925 1555 979 1602 me
1003 1536 1127 1631 solum,

90 1647 150 1714 sed
179 1648 279 1713 etiam
310 1648 419 1714 ornari
448 1667 466 1714 a
494 1650 612 1714 senatu
636 1647 763 1714 decere.
809 1648 1002 1734 Disputavit
1025 1650 1126 1716 etiam

90 1758 195 1825 multa
224 1760 414 1844 prudenter,
449 1761 494 1826 ita
522 1760 564 1827 de
593 1779 647 1827 me
675 1760 768 1826 illum
796 1762 1066 1828 amentissimum
1095 1764 1128 1829 et

90 1871 401 1957 profligatissimum
430 1874 562 1940 hostem
593 1873 732 1958 pudoris
760 1877 793 1939 et
819 1874 1000 1959 pudicitiae
1024 1876 1127 1960 scrip-

90 1984 185 2064 sisse,
209 2004 297 2071 quae
314 1986 512 2070 scripsisset,
536 1986 577 2052 iis
592 1986 714 2065 verbis,
738 1986 849 2065 rebus,
874 1988 1059 2066 sententiis,
1082 1990 1127 2066 ut,

90 2097 221 2163 etiamsi
252 2098 322 2163 iure
351 2100 442 2165 esset
469 2101 635 2183 rogatum,
669 2101 780 2165 tamen
810 2101 878 2166 vim
906 2099 1030 2166 habere
1058 2119 1127 2165 non

90 2210 218 2293 posset.
275 2208 388 2290 Quare
422 2228 490 2289 me,
525 2212 583 2295 qui
619 2211 709 2278 nulla
743 2212 819 2297 lege
849 2211 1022 2291 abessem,
1058 2231 1126 2278 non

90 2321 219 2387 restitui
242 2320 328 2406 lege,
353 2322 413 2388 sed
430 2324 576 2390 revocari
593 2326 731 2390 senatus
748 2325 941 2391 auctoritate
959 2326 1124 2409 oportere.

89 2433 189 2499 Hunc
223 2452 323 2501 nemo
358 2437 428 2501 erat
458 2437 539 2520 quin
567 2438 741 2503 verissime
771 2439 893 2503 sentire
922 2437 1056 2503 diceret.
1084 2476 1128 2484 -

90 2544 274 2632 Sed—post
307 2565 384 2613 eum
420 2552 558 2634 rogatus
594 2549 658 2616 Cn.
692 2549 907 2635 Pompeius
940 2551 1126 2635 approbata
1145 2559 1180 2612 74

89 2658 293 2744 laudataque
310 2659 429 2727 Cottae
453 2662 618 2728 sententia
643 2662 726 2728 dixit
748 2681 823 2730 sese
849 2664 907 2729 otii
932 2664 997 2730 mei
1014 2681 1126 2742 causa,

90 2773 126 2839 ut
149 2772 241 2837 omni
266 2773 421 2857 populari
445 2774 669 2841 concitatione
686 2774 894 2860 defungerer,
919 2793 1067 2854 censere,
1092 2777 1128 2840 ut

89 2882 133 2948 ad
156 2887 293 2950 senatus
317 2886 546 2952 auctoritatem
571 2888 689 2972 populi
710 2906 847 2972 qnoque
864 2887 1006 2961 Romani
1024 2886 1126 2953 bene·

88 2995 204 3062 ficium
238 3016 316 3082 erga
346 3018 400 3064 me
429 2999 676 3084 adiungeretur.
724 3000 810 3067 Cum
835 3018 954 3067 omnes
977 3001 1126 3067 certatim

89 3108 244 3192 aliusque
279 3110 345 3176 alio
375 3112 510 3196 gravius
539 3116 639 3196 atque
668 3112 817 3178 ornatius
846 3113 888 3179 de
916 3132 991 3179 mea
1019 3113 1127 3179 salute

89 3219 229 3287 dixisset
251 3222 413 3307 fieretque
430 3225 503 3290 sine
520 3224 587 3290 ulla
603 3226 761 3292 varietate
778 3225 952 3304 discessio,
977 3226 1126 3305 surrexit,

89 3335 126 3398 ut
152 3334 253 3413 scitis,
288 3334 409 3401 Atilius
438 3337 491 3402 hic
515 3335 703 3417 Gauianus3
738 3357 799 3404 nec
826 3356 930 3404 ausus
955 3340 1014 3415 est,
1049 3355 1126 3403 cum

88 3448 178 3512 esset
191 3449 336 3532 emptus
354 3449 573 3515 intercedere:
591 3453 723 3516 noctem
737 3450 801 3517 sibi
815 3450 857 3516 ad
871 3449 1126 3516 deliberandum

87 3558 279 3641 postulavit.
331 3560 467 3628 Clamor
496 3564 643 3641 senatus,
672 3562 849 3647 querellae,
878 3581 1004 3647 preces
1033 3581 1128 3629 socer

86 3670 130 3736 ad
170 3670 276 3756 pedes
310 3672 471 3739 abiectus.
529 3673 584 3740 Ille
623 3693 659 3740 se
697 3674 861 3740 affirmare
900 3677 1036 3759 postero
1072 3675 1126 3741 die

86 3800 217 3855 moram
252 3783 377 3849 nullam
413 3803 488 3851 esse
522 3786 695 3851 facturum.
747 3785 919 3852 Creditum
954 3790 1022 3866 est,
1058 3786 1125 3852 dis-

85 3912 220 3961 cessum
257 3899 316 3961 est.
371 3897 418 3963 1111
454 3899 579 3965 interea
614 3898 825 3964 deliberatori
860 3917 987 3965 merces
1022 3898 1125 3983 longa

86 4006 282 4093 interposita
307 4012 404 4075 nocte
429 4009 597 4095 duplicata
621 4013 681 4077 est.
724 4009 914 4078 Consecuti
934 4010 1012 4076 dies
1031 4011 1143 4092 paud
