2648 4446
168 293 210 358 68
383 291 453 351 PRO
473 290 500 346 Ρ,
520 290 639 347 SESTIO
659 291 791 352 ORATlO
810 294 828 361 §
849 293 991 347 ill—143.

174 500 303 560 omnes,
328 483 385 568 qui
410 483 453 548 ita
476 482 631 561 fecerant,
655 502 673 549 e
696 483 828 550 civitate
851 484 1043 562 eicerentur,
1068 485 1096 550 si
1119 483 1204 549 The·

173 594 360 661 mistoclem
384 594 488 672 illum,
512 598 780 661 conservatorem
804 596 939 681 patriae,
963 614 1031 662 non
1049 595 1206 662 deterruit

167 725 187 771 a
217 725 250 772 re
279 707 415 792 publica
444 706 656 773 defendenda
685 725 746 773 nec
768 706 913 773 Miltiadi
936 708 1118 787 calamitas
1148 710 1205 794 qui

170 818 261 884 illam
307 819 473 885 civitatem
516 819 619 905 paulo
657 821 733 885 ante
771 822 926 899 servarat,
972 838 1033 886 nec
1068 820 1205 917 Aristidi

171 931 262 1015 iuga,
286 931 344 1016 qni
368 949 457 996 unus
481 932 632 997 omnium
657 932 862 997 iustissimus
885 932 990 998 luisse
1006 933 1152 1012 traditur,
1177 935 1204 999 si

168 1045 291 1129 postea
315 1044 439 1108 summi
463 1043 615 1110 eiusdem
639 1044 781 1110 civitatis
803 1044 874 1122 viri,
899 1062 987 1129 quos
1008 1045 1204 1112 nominatim

169 1156 330 1241 appellari
354 1175 423 1222 non
447 1158 499 1222 est
521 1174 670 1235 necesse,
693 1156 876 1241 propositis
898 1159 948 1240 tot
965 1156 1129 1242 exemplis
1143 1158 1204 1222 ira-

170 1268 313 1335 cundiae
337 1268 549 1353 levitatisque
573 1268 746 1353 popularis
767 1270 880 1334 tamen
897 1286 993 1334 suam
1010 1287 1078 1336 rem
1095 1269 1204 1355 publi-

166 1399 239 1446 cam
264 1380 353 1446 illam
375 1380 609 1447 defenderunt:
634 1380 715 1466 qnid
736 1399 800 1446 nos
820 1381 956 1447 tandem
977 1381 1084 1448 iacere
1102 1382 1203 1448 debe·

167 1510 243 1558 mus
281 1494 426 1579 primurn
465 1494 498 1557 in
533 1511 572 1558 ea
607 1493 738 1559 civitate
774 1494 852 1572 nati,
892 1493 982 1559 unde
1017 1496 1086 1560 orta
1122 1494 1204 1559 mihi

168 1606 316 1690 gravitas
351 1607 383 1671 et
416 1604 616 1689 magnitudo
645 1604 748 1670 animi
775 1604 916 1687 videtur,
950 1607 1021 1671 tum
1051 1607 1085 1671 in
1113 1609 1204 1672 tanta

169 1717 276 1802 gloria
311 1718 519 1794 insistentes
555 1719 590 1781 ut
625 1719 738 1782 omnia
771 1717 919 1783 humana
947 1717 1071 1784 leviora
1099 1717 1204 1783 videri

168 1828 324 1907 debeant,
356 1828 479 1894 deinde
507 1829 549 1894 ad
574 1847 647 1895 eam
672 1847 741 1894 rem
765 1827 936 1915 publicam
960 1829 1121 1895 tuendam
1145 1849 1203 1915 ag·

167 1941 284 2026 gressi,
309 1958 397 2025 quae
419 1942 511 2005 tanta
536 1939 699 2024 dignitate
723 1943 783 2020 est,
808 1943 844 2006 ut
867 1958 941 2006 eam
967 1940 1203 2007 defendentem

166 2052 317 2119 occidere
350 2052 553 2119 laudabilius
589 2054 632 2118 sit
665 2070 767 2137 quarn
804 2055 1059 2138 oppugnantem
1093 2072 1202 2120 rerum

99 2172 147 2227 142
166 2166 286 2251 potiri?
319 2204 363 2213 -
397 2166 563 2232 Homines
598 2164 726 2245 Graeci,
765 2182 854 2250 quos
888 2167 986 2232 antea
1020 2166 1202 2245 nominavi,

170 2278 285 2363 inique
313 2297 332 2344 a
360 2279 431 2344 suis
459 2278 589 2345 civibus
618 2277 766 2343 damnati
795 2279 895 2361 atque
926 2276 1056 2363 expulsi
1080 2279 1202 2355 tamen,

165 2391 245 2475 quia
270 2390 357 2456 bene
381 2393 459 2456 sunt
482 2390 525 2456 de
547 2392 617 2456 suis
640 2388 831 2456 civitatibus
852 2389 970 2467 meriti,
993 2392 1084 2455 tanta
1101 2389 1202 2456 hodie

165 2501 272 2586 gloria
297 2504 376 2567 sunt
399 2504 517 2568 nonin
535 2502 674 2570 Graecia
691 2501 812 2582 solum,
837 2501 897 2569 sed
915 2501 1013 2567 etiam
1031 2499 1121 2592 apud
1138 2518 1202 2566 nos

165 2615 267 2699 atque
297 2614 331 2678 in
355 2614 471 2680 ceteris
494 2614 597 2692 terris,
628 2617 665 2679 ut
687 2632 757 2692 eos,
786 2633 805 2680 a
829 2614 954 2700 quibus
977 2613 1023 2678 illi
1048 2614 1201 2698 oppressi

166 2726 243 2805 sint,
272 2744 373 2792 nemo
397 2726 557 2805 nominet,
589 2726 708 2792 horum
732 2726 955 2792 calamitatem
979 2725 1201 2791 dominationi

166 2838 299 2903 illorum
335 2857 454 2906 omnes
482 2840 698 2924 anteponant.
750 2838 837 2919 Quis
867 2837 1203 2922 Carthaginiensium

165 2950 269 3035 pluris
297 2951 359 3017 init
387 2951 577 3018 Hannibale
606 2950 758 3030 consilio,
793 2951 923 3030 virtute,
958 2950 1058 3016 rebus
1086 2950 1201 3034 gestis,

168 3063 225 3147 qui
252 3080 339 3127 unns
363 3081 439 3128 cum
464 3065 513 3128 tot
536 3062 793 3149 imperatoribus
818 3063 939 3129 nostris
956 3081 1015 3148 per
1029 3064 1080 3128 tot
1094 3081 1203 3129 annos

166 3174 207 3241 de
232 3175 375 3261 imperio
400 3179 432 3240 et
455 3175 497 3241 de
521 3175 627 3260 gloria
651 3175 852 3241 decertavit?
886 3174 986 3242 Hunc
1010 3174 1061 3240 sui
1078 3175 1203 3240 civese

165 3287 298 3354 civitate
323 3288 500 3365 eiecerunt,
527 3306 590 3353 nos
614 3288 713 3352 etiam
737 3288 870 3353 hostem
894 3287 1010 3353 litteris
1032 3287 1154 3352 nostris
1170 3288 1203 3352 et

98 3407 148 3461 143
168 3401 332 3466 memoria
360 3399 515 3466 videmus
543 3418 618 3466 esse
647 3398 860 3466 celebratum.
884 3438 928 3447 —
954 3399 1068 3480 Quare
1096 3397 1202 3464 imite-

165 3530 240 3577 mur
255 3513 392 3579 nostros
407 3512 538 3591 Brutos,
563 3510 736 3590 Camillos
759 3510 894 3590 Ahalas
918 3511 1053 3590 Decios,
1070 3509 1201 3589 Curios,

169 3622 351 3703 Fabricios,
388 3623 567 3701 Nummos,
603 3622 789 3709 Scipiones,
824 3623 994 3701 Lentulos
1028 3621 1201 3700 Aemilios

167 3734 431 3801 innumerabiles
460 3735 554 3814 alios,
583 3736 641 3820 qui
663 3736 755 3801 banc
784 3754 852 3802 rem
881 3734 1050 3822 publicam
1075 3733 1201 3801 stabili-

164 3849 294 3927 verunt,
324 3865 412 3932 quos
436 3847 594 3932 equidem
619 3849 652 3912 in
677 3847 817 3914 deorum
841 3847 1079 3913 immortalium
1103 3847 1201 3914 coetu

163 3977 203 4027 ac
232 3975 373 4026 numero
398 3977 537 4044 repono.
582 3958 745 4026 Amemus
768 3960 918 4046 patriam,
947 3977 1126 4045 pareamus
1149 3977 1201 4024 se-
