2648 4446
164 330 206 397 60
378 327 448 390 nuo
467 327 495 382 P.
515 328 635 384 sasno
654 326 787 389 ORATIO
806 329 825 397 a
845 327 988 382 rna-123.

164 521 201 584 ut
221 519 274 585 vel
298 537 317 584 a
342 519 383 600 Q.
402 518 533 597 Catulo,
558 519 586 583 si
610 518 792 597 revixisset,
817 518 984 602 praeclare
1007 536 1111 602 posse
1135 518 1201 586 dici

163 629 353 697 viderentur
387 630 429 715 (is
464 631 553 696 enim
582 630 684 696 libere
713 629 955 715 reprehendere
983 631 1016 696 et
1043 649 1201 698 accusare

164 743 280 828 populi
304 761 560 828 nonnumquam
584 742 802 808 temeritatem
827 742 957 808 solebat
980 744 1038 808 aut
1055 761 1200 810 errorem

164 854 330 939 s'enatusl:

204 1033 238 1103 ‘o
273 1036 446 1121 ingratifici
480 1035 605 1120 Argivi,
640 1036 807 1101 immunes
843 1034 944 1114 Graii,
983 1037 1201 1103 immemores

1030 1148 1173 1216 benefici
1182 1149 1202 1214 l’

164 1327 241 1394 Non
265 1330 334 1394 erat
356 1328 439 1394 illud
463 1327 601 1414 quidem
625 1346 755 1406 verum;
779 1347 847 1394 non
872 1328 961 1393 enim
985 1327 1115 1412 ingrati,
1140 1327 1202 1393 sed

165 1441 286 1520 miseri,
310 1440 434 1526 quibus
451 1439 589 1506 reddere
606 1441 759 1519 salutem,
784 1459 802 1505 a
819 1458 888 1525 quo
905 1441 1111 1525 acceperant,
1128 1457 1200 1505 non

164 1553 284 1630 liceret,
309 1570 370 1618 nec
394 1570 481 1618 unus
502 1553 536 1617 in
554 1570 760 1637 quemquam
777 1571 939 1638 umquam
956 1552 1080 1637 gratior
1095 1569 1200 1637 quam

165 1665 198 1729 in
222 1683 276 1731 me
299 1665 459 1730 universi:
484 1664 544 1730 sed
567 1667 680 1730 tamen
704 1664 786 1730 illud
810 1665 941 1748 scripsit
956 1663 1198 1729 disertissimus

165 1779 265 1862 poeta
290 1794 350 1862 pro
374 1794 438 1854 me,
463 1776 532 1860 egit
553 1776 755 1842 fortissimus
773 1779 873 1855 actor,
897 1794 966 1842 non
983 1775 1093 1842 solum
1110 1775 1198 1860 opti·

114 1928 117 1934 ·
166 1907 251 1967 mus,
276 1888 318 1954 de
342 1907 406 1965 me,
430 1905 506 1953 cum
530 1906 649 1954 omnes
673 1888 808 1954 ordines
825 1888 1078 1966 demonstraret,
1102 1906 1201 1954 sena-

164 2003 245 2080 tum,
267 2002 397 2085 equites
414 2001 596 2080 Romanos,
614 2001 807 2066 universum
824 2000 990 2086 populum
1007 2000 1199 2074 Romanum

165 2119 349 2179 accusaret:

205 2296 351 2364 ‘exulare
375 2297 494 2375 sinitiS,
518 2295 608 2360 sistis
632 2295 721 2380 pelli,
746 2294 883 2380 pulsum
908 2288 1082 2378 patimini'.

166 2480 263 2562 Quae
286 2481 357 2544 tum
381 2477 582 2562 significatio
606 2475 703 2542 luerit
727 2477 890 2554 omnium,
914 2494 1001 2560 quae
1018 2474 1199 2542 declaratio

165 2592 347 2658 voluntatis
374 2590 417 2655 al>
445 2590 602 2654 universo
626 2588 755 2674 populo
779 2588 933 2662 Romano
957 2589 990 2652 in
1015 2605 1116 2654 causa
1140 2588 1202 2654 ho-

167 2705 266 2770 minis
294 2722 363 2769 non
392 2701 575 2788 popularis,
606 2701 764 2786 equidem
792 2700 984 2782 audiebam,
1013 2701 1203 2767 existimare

98 2825 147 2880 123
164 2817 293 2884 iacilius
323 2817 477 2901 possunt,
505 2815 563 2899 qui
593 2813 767 2879 affuerunt.
798 2850 840 2859 -
869 2813 910 2879 Et
940 2813 1102 2896 quoniam
1137 2811 1204 2877 huc

167 2948 220 2996 me
262 2929 414 3014 provexit
450 2927 570 2993 oratio:
617 2926 732 2992 histrio
770 2944 886 2992 casum
925 2943 1038 2992 meum
1075 2923 1201 2990 totiens

166 3040 410 3117 collacrimavit‚
438 3056 514 3104 cum
537 3039 581 3103 ita
605 3037 757 3103 dolenter
780 3039 893 3122 ageret
916 3055 1052 3103 causam
1077 3053 1199 3114 meam,

166 3155 203 3219 ut
224 3170 291 3218 vox
313 3150 386 3218 eius
410 3150 464 3215 illa
489 3150 655 3236 praeclara
678 3150 821 3215 lacrimis
838 3149 1064 3235 impediretur,
1089 3165 1201 3233 neque

166 3267 297 3351 poetae,
332 3280 476 3349 quorum
504 3280 569 3346 ego
597 3279 730 3347 semper
752 3263 888 3347 ingenia
912 3261 1023 3340 dilexi,
1057 3260 1202 3345 tempori

167 3396 244 3445 meo
272 3376 458 3453 defuemnt,
493 3392 602 3459 eaque
628 3375 777 3461 populus
800 3375 973 3449 Romanus
997 3391 1066 3440 non
1090 3372 1202 3439 solum

167 3489 298 3574 plausu,
330 3487 517 3554 sedetiam
546 3487 674 3572 gemitu
702 3504 765 3552 suo
793 3486 1034 3572 comprobavit.
1081 3483 1202 3551 Utrum

167 3602 268 3686 igitur
290 3602 372 3667 haec
387 3599 560 3686 Aesopum
585 3600 698 3686 potius
719 3618 779 3686 pro
797 3618 850 3667 me
867 3601 924 3665 aut
939 3598 1076 3665 Accium
1094 3598 1205 3664 dicere

168 3712 325 3798 oportuit,
348 3712 376 3776 si
400 3711 548 3797 populus
565 3711 737 3785 Romanus
753 3711 838 3777 liber
853 3714 951 3790 esset,
975 3729 1018 3776 an
1035 3710 1203 3797 principes

168 3825 330 3893 civitatis?
363 3824 570 3891 Nominatim
595 3842 670 3890 sum
694 3825 883 3911 appellatus
907 3825 940 3888 in
965 3823 1083 3889 Bruto:

210 3997 360 4078 ‘Tullius
386 3998 443 4084 qui
467 3997 652 4064 libertatem
676 3997 806 4063 civibus
830 3989 1061 4063 stabiliverat’:
