2648 4446
355 324 425 385 pao
443 323 472 378 Ρ.
493 323 611 379 sasno
631 322 763 383 ovano
783 324 801 392 s
819 324 930 379 ale-50.
1117 323 1159 391 25

122 514 271 580 accidere
295 533 362 580 non
384 513 560 598 potuisset,
586 513 687 578 ullam
705 514 750 578 rei
768 513 922 598 publicae
940 518 1066 599 partem
1083 533 1159 581 cum

125 645 185 692 sua
210 627 348 692 minima
373 625 499 692 invidia
523 624 660 691 auderet
683 626 867 710 attingere?
901 626 1036 693 Servavi
1059 628 1159 712 igitur

122 758 190 804 rem
215 739 385 825 publicam
410 738 563 804 discessu
586 755 674 815 meo,
698 738 840 818 iudices;
864 739 1001 806 caedem
1026 739 1158 807 avobis

121 851 303 937 liberisque
331 850 461 929 vestris,
495 850 695 928 vastitatem,
727 851 891 931 incendia,
919 853 1053 936 rapinas
1081 871 1159 919 meo

122 963 239 1030 dolore
268 963 428 1048 luctuque
462 961 578 1046 depuli
613 964 645 1027 et
680 981 767 1028 unus
802 963 854 1029 bis
889 983 957 1030 rem
989 964 1158 1051 publicam

122 1077 262 1155 servavi,
292 1075 394 1141 semel
423 1074 540 1160 gloria,
569 1076 687 1142 iterum
717 1093 876 1142 aerumna
904 1095 989 1143 mea.
1039 1077 1160 1161 Neque

122 1190 212 1254 enim
237 1190 270 1254 in
294 1190 358 1254 hoc
381 1207 435 1254 me
457 1189 629 1254 hominem
652 1207 727 1255 esse
744 1188 913 1255 infitiabor
929 1208 1101 1274 umquam,
1126 1192 1161 1254 ut

122 1320 176 1367 me
201 1302 331 1386 optimo
347 1302 454 1381 fratre,
478 1301 659 1368 carissimis
676 1301 799 1381 liberis,
823 1301 988 1368 fidissima
1004 1302 1159 1385 coniuge,

121 1416 233 1480 vestro
249 1416 445 1498 conspectu,
463 1414 578 1498 patria,
596 1414 660 1480 hoc
677 1414 815 1481 honoris
831 1413 937 1499 gradu
955 1415 1027 1480 sine
1044 1414 1160 1480 dolore

122 1527 268 1592 caruisse
293 1527 424 1611 glorier.
463 1525 567 1606 Quod
591 1526 619 1591 si
642 1526 808 1606 fecissem,
832 1526 925 1612 quod
949 1544 1041 1593 ame
1057 1527 1160 1591 bene·

123 1640 236 1704 licium
262 1639 439 1718 haberetis,
464 1657 540 1704 cum
565 1657 625 1724 pro
648 1640 747 1706 vobis
771 1658 820 1718 ea,
845 1641 1030 1725 quaemihi
1048 1642 1161 1706 essent

122 1751 211 1830 vilia,
242 1751 479 1835 reliquissem?
524 1751 597 1817 Hoc
625 1770 703 1818 meo
733 1752 870 1836 quidem
899 1753 1014 1819 animo
1038 1752 1161 1818 summi

122 1863 155 1928 in
180 1864 320 1948 patriam
342 1864 466 1930 amoris
482 1863 548 1929 mei
566 1865 701 1949 signum
719 1882 795 1931 esse
812 1865 913 1931 debet
928 1866 1160 1944 certissimum,

122 1975 226 2060 quod,
262 1994 338 2042 cum
374 1975 494 2042 abesse
529 1976 571 2041 ab
607 1995 645 2042 ea
681 1976 754 2042 sine
782 1995 918 2043 summo
946 1977 1062 2045 dolore
1092 1996 1160 2043 non

123 2107 271 2173 possem,
301 2088 389 2153 hunc
417 2106 471 2153 me
500 2088 627 2172 perpeti
655 2107 757 2172 quam
786 2089 877 2155 illam
905 2089 1094 2156 labefactari
1118 2089 1160 2155 ab

123 2200 288 2284 improbis
311 2201 424 2266 malui.
469 2200 702 2280 Memineram,
730 2201 868 2281 iudices,
893 2202 1043 2268 divinum
1067 2202 1160 2267 illum
1178 2208 1213 2266 50

123 2313 231 2378 virum
266 2314 367 2397 atque
398 2331 439 2377 ex
466 2312 574 2378 isdem
606 2312 730 2396 quibus
760 2333 822 2381 nos
850 2314 1018 2381 radicibus
1046 2318 1160 2381 natum

123 2424 321 2490 adsalutem
336 2425 436 2490 huius
449 2425 590 2510 imperii,
609 2424 815 2505 Cluatium,
833 2445 965 2492 summa
978 2430 1158 2505 senectute,

123 2556 199 2603 cum
223 2537 291 2603 vim
318 2556 423 2622 prope
447 2538 610 2605 iustorum
629 2557 796 2606 armorum
814 2539 1029 2625 profugisset,
1052 2541 1161 2625 primo

124 2650 229 2715 senile
253 2668 376 2735 corpus
400 2650 582 2735 paludibus
606 2651 791 2718 occultasse
806 2652 1015 2738 {demersum
1039 2652 1162 2718 deinde

123 2762 165 2827 ad
200 2763 392 2828 infimorum
428 2782 466 2829 ac
499 2764 774 2830 tenuissimorum
811 2766 986 2832 hominum
1021 2765 1161 2831 Mintur·

125 2875 281 2941 nensium
306 2875 568 2942 misericordiam
592 2877 797 2961 confugisse,
825 2877 904 2942 inde
928 2877 1065 2962 navigio
1089 2896 1161 2962 per-

125 3004 239 3070 parvo
274 3005 350 3052 cum
379 3006 499 3054 omnes
528 2991 643 3074 portus
667 2991 837 3074 terrasque
861 2989 1000 3075 fugeret,
1029 2991 1062 3054 in
1086 3008 1161 3056 oras

123 3098 253 3165 Africae
287 3099 532 3167 desertissimas
567 3101 770 3185 pervenisse.
825 3100 936 3187 Atque
971 3102 1026 3168 ille
1059 3103 1161 3169 vitam

125 3229 232 3289 suam,
258 3230 300 3276 ne
324 3211 450 3277 inultus
474 3215 573 3291 esset,
598 3212 639 3278 ad
664 3214 918 3280 incertissimam
943 3233 1038 3301 spem
1064 3214 1161 3281 etad

125 3325 171 3389 rei
207 3323 362 3409 publicae
396 3323 501 3389 fatum
536 3326 729 3392 reservavit:
768 3345 843 3412 ego,
878 3328 946 3412 qui,
981 3345 1082 3411 quem
1117 3326 1160 3393 ad

125 3436 266 3502 modum
290 3436 386 3502 multi
410 3437 444 3501 in
463 3439 580 3502 senatu
598 3456 653 3503 me
669 3438 808 3505 absente
825 3440 989 3519 dixerunt,
1014 3439 1161 3524 periculo

126 3549 171 3614 rei
208 3548 362 3632 publicae
396 3548 552 3615 vivebam
584 3551 711 3636 quique
741 3550 786 3617 ob
815 3570 888 3619 eam
917 3569 1052 3617 causam
1083 3569 1161 3618 con·

127 3660 294 3727 sularibus
329 3661 445 3727 litteris
473 3662 515 3727 de
546 3666 683 3728 senatus
715 3664 879 3730 sententia
907 3665 1027 3730 exteris
1056 3665 1161 3730 natio-

79 3797 85 3809 ·
126 3771 226 3837 nibus
260 3772 532 3853 commendabar‚
568 3793 691 3854 nonne,
728 3776 755 3841 si
790 3794 900 3842 meam
934 3776 1036 3842 vitam
1066 3777 1161 3842 dese-

126 3884 279 3963 ruissem,
308 3904 376 3950 rem
401 3884 570 3970 publicam
596 3886 846 3971 prodidissem?
875 3888 908 3953 in
933 3907 999 3974 qua
1024 3888 1161 3973 quidem

126 4015 216 4063 nunc
239 4015 293 4063 me
317 3999 469 4064 restituto
492 3999 573 4064 vivit
596 4016 727 4064 mecum
753 4000 856 4067 simul
874 4000 1176 4084 exemplumfxde‘x
