2648 4446
188 321 232 386 36
419 317 489 378 exo
510 317 539 372 e.
559 317 679 373 sesno
699 317 831 380 omno
851 320 869 388 s
887 319 997 374 71-73.

189 509 365 576 dulitatem
396 511 497 594 atque
525 510 748 594 integritatem
778 509 927 576 bominis
957 509 1088 577 videtis.
1111 512 1228 577 -ln-

188 622 324 707 gredior
353 622 419 687 iam
448 622 482 687 in
510 621 620 688 Sesti
649 621 932 701 trlbunatum;
963 624 1133 691 namhoc
1164 625 1228 709 pri-

191 752 283 800 murn
322 734 382 799 iter
420 733 617 818 designatus
655 734 700 799 rei
739 733 894 818 publicae
929 752 1030 799 causa
1065 737 1228 821 suscepit:

191 847 355 931 pertinere
378 849 411 912 et
434 845 476 912 ad
500 845 714 913 concordiam
739 846 860 912 civium
886 847 1014 931 putavit
1036 849 1069 912 et
1091 847 1133 913 ad
1155 866 1229 933 per-

188 959 326 1025 iiciendi
349 958 539 1025 facultatem
564 959 714 1025 animum
732 958 886 1025 Caesaris
909 978 928 1025 a
952 977 1053 1025 causa
1077 977 1146 1026 non
1170 960 1228 1026 ab·

190 1072 333 1138 horrere.
363 1069 480 1136 Abiit
500 1070 576 1137 ille
591 1088 742 1147 annus·
765 1072 947 1156 respirasse
964 1072 1119 1138 homines
1134 1072 1228 1139 vide-

191 1184 313 1250 bantur
336 1183 488 1250 nondum
505 1202 549 1263 re,
574 1183 633 1249 sed
658 1201 719 1268 spe
735 1184 781 1249 rei
798 1184 952 1268 publicae
968 1184 1227 1270 recuperandae.

190 1296 350 1362 Exierunt
377 1295 474 1361 malis
503 1295 674 1362 ominibus
704 1298 805 1380 atque
839 1296 1124 1363 exsecrationibus
1159 1296 1229 1364 duo

189 1408 324 1476 vulturii
349 1407 508 1493 paludati.
553 1406 686 1489 Quibus
711 1408 838 1474 utinam
862 1409 946 1492 ipsis
970 1409 1163 1475 evenissent
1178 1427 1228 1488 ea,

192 1539 279 1607 quae
317 1524 388 1587 tum
427 1520 583 1587 homines
620 1520 855 1606 precabantur!
902 1539 1013 1605 neque
1050 1539 1113 1587 nos
1152 1540 1228 1606 pro-

191 1633 333 1701 vinciam
361 1632 598 1700 Macedoniam
626 1651 701 1699 cum
731 1634 874 1699 exercitu
902 1652 1013 1718 neque
1041 1634 1228 1718 equitatum

192 1747 225 1811 in
250 1745 343 1833 Syria
368 1749 400 1811 et
427 1746 581 1812 cobortes
611 1746 757 1830 optimas
785 1746 1060 1831 perdidissemus.
1111 1747 1230 1813 Ineunt

192 1859 423 1943 magistratum
457 1856 581 1923 tribuni
609 1859 664 1942 pl.,
696 1858 754 1942 qui
788 1876 907 1924 omnes
937 1877 974 1925 se
1002 1858 1044 1925 de
1067 1877 1122 1925 me
1153 1877 1228 1944 pro·
1289 1883 1295 1911 ·

193 1970 403 2056 mulgaturos
435 1971 685 2049 confirmarant;
721 1989 762 2036 ex
792 1972 832 2037 iis
861 1973 1015 2057 princeps
1043 1973 1164 2038 emitur
1185 1972 1229 2038 ab

193 2084 338 2149 inimicis
373 2084 457 2150 meis
485 2083 524 2162 is,
561 2101 663 2168 quem
691 2084 847 2151 homines
874 2085 907 2150 in
936 2084 1025 2150 luctu
1054 2067 1229 2151 irridentes

194 2195 382 2264 Gracchum
406 2195 583 2274 vocabant,
608 2197 769 2280 quoniam
794 2197 827 2262 id
849 2198 948 2263 etiam
965 2198 1069 2263 iatum
1086 2198 1229 2264 civitatis

192 2310 264 2388 luit,
295 2312 332 2374 ut
360 2309 415 2374 illa
445 2327 486 2375 ex
512 2309 699 2393 vepreculis
728 2312 871 2375 extracta
901 2309 1050 2376 nitedula
1074 2328 1143 2376 rem
1168 2329 1228 2396 pu·

193 2422 314 2488 blicam
328 2423 503 2489 conaretur
514 2421 677 2488 arrodere.
708 2421 799 2488 Alter
809 2441 899 2501 vero,
917 2442 985 2488 non
998 2422 1054 2489 ille
1067 2422 1229 2491 Senanus

193 2534 235 2601 ab
271 2536 389 2614 aratro,
425 2534 486 2600 sed
521 2553 562 2601 ex
590 2533 723 2601 deserto
754 2533 852 2601 Gavii
886 2536 1011 2602 oliveto
1045 2555 1064 2602 a
1100 2535 1229 2603 Galatis

193 2645 310 2714 Gaviis
333 2647 367 2712 in
392 2646 565 2713 Calatinos
587 2645 706 2713 Atilios
730 2647 860 2726 insitus,
896 2648 1009 2715 subito
1033 2648 1229 2716 nominibus

193 2760 227 2824 in
250 2758 382 2825 tabulas
406 2758 516 2825 relatis
540 2776 665 2825 nomen
689 2777 787 2824 suurn
812 2758 854 2825 de
877 2759 991 2825 tabula
1015 2761 1160 2826 sustulit.

141 2880 175 2935 72
279 2872 427 2938 Veniunt
451 2870 633 2943 Kalendae
661 2871 859 2939 lanuarlae.
904 2872 974 2939 Vos
1001 2873 1084 2940 baec
1108 2873 1229 2939 melius

193 2985 276 3051 scire
312 2984 463 3069 potestis,
499 2983 657 3068 equidem
688 2984 802 3051 audita
831 2984 917 3065 dic0,
953 3003 1040 3070 quae
1067 2988 1139 3052 tum
1167 2985 1229 3052 ire-

193 3096 333 3181 quentia
346 3097 493 3174 senatus,
511 3113 599 3180 quae
612 3096 817 3180 exspectatio
830 3096 958 3181 populi,
975 3097 1033 3181 qui
1046 3115 1230 3163 concursus

194 3208 380 3293 legatorum
405 3226 446 3273 ex
462 3207 552 3273 Italia
569 3210 697 3287 cuncta,
721 3226 809 3293 quae
823 3209 937 3288 virtus,
962 3210 1059 3288 actio,
1083 3210 1230 3294 gravitas

191 3319 229 3386 Ρ.
245 3319 406 3387 Lentuli
428 3320 577 3387 consulis
599 3321 707 3399 luerit,
732 3338 819 3405 quae
840 3322 941 3387 etiam
956 3320 1140 3406 collegae
1156 3322 1230 3388 eius

194 3431 382 3498 moderatio
411 3432 453 3498 de
481 3451 545 3497 me.
592 3431 763 3512 Quicum
791 3433 980 3499 inimicitias
1009 3433 1072 3499 sibi
1097 3451 1230 3499 mecum

194 3562 235 3609 ex
269 3546 314 3610 rei
350 3543 505 3629 publicae
533 3544 746 3611 dissensione
775 3548 949 3630 susceptas
976 3564 1052 3612 esse
1080 3544 1230 3624 dixisset,

194 3674 252 3722 eas
286 3675 322 3722 se
357 3656 506 3742 patribus
540 3658 737 3742 conscriptis
772 3657 853 3725 dixit
887 3661 920 3724 et
945 3658 1156 3743 temporibus
1185 3657 1230 3725 rei

143 3775 176 3831 73
196 3767 350 3853 publicae
374 3770 624 3854 permissurum.
640 3808 684 3816 -
704 3768 789 3835 Turn
814 3771 969 3856 princeps
992 3773 1130 3856 rogatus
1155 3789 1230 3837 sen-

195 3881 331 3946 tentiam
365 3880 399 3945 L.
437 3880 558 3947 Cotta
592 3881 674 3947 dixit
707 3881 756 3960 id,
795 3882 887 3966 quod
923 3883 1162 3968 dignissimum
1197 3902 1231 3950 re

188 3992 328 4075 publica
352 3993 423 4074 luit,
448 3993 530 4059 nihil
553 3992 596 4059 de
620 4012 674 4060 me
697 3996 808 4060 actum
834 4013 909 4061 esse
933 3996 1013 4075 iure,
1038 3996 1119 4062 nibil
1137 4014 1231 4063 more
