2648 4446
207 314 245 378 14
432 311 503 371 PRO
521 310 549 366 P.
570 311 689 368 SESTIO
708 311 841 373 ORATIO
859 314 878 382 §
897 312 1008 367 28—30.

202 502 307 581 vultu,
336 521 438 588 quam
463 503 491 568 si
515 504 612 569 annis
636 506 712 569 ante
736 503 852 589 paucis
876 504 910 569 in
934 504 1135 571 creditorum
1158 524 1240 573 con·

201 617 339 680 ventum
363 614 551 694 incidisset;
574 616 716 683 advocat
740 615 966 697 contionem,
991 616 1093 683 habet
1116 618 1240 685 oratio·

202 744 279 793 nem
309 726 410 793 talem
434 727 563 806 consul,
592 729 727 813 qualem
752 745 938 814 numquam
962 729 1110 796 Catilina
1132 731 1240 798 victor

201 838 391 906 habuisset:
415 856 522 907 errare
545 840 711 918 homines,
735 841 763 906 si
787 841 982 907 etiamtum
1007 845 1162 908 senatum
1179 843 1239 909 ali-

200 951 282 1036 quid
311 951 345 1017 in
373 970 408 1018 re
431 951 567 1037 publica
590 970 693 1037 posse
716 952 971 1031 arbitrarentur;
999 955 1132 1040 equites
1155 974 1237 1022 vero

199 1063 371 1137 Romanos
388 1063 533 1131 daturos
556 1064 645 1130 illius
669 1064 736 1130 diei
760 1082 898 1149 poenas,
924 1083 994 1150 quo
1020 1085 1074 1132 me
1093 1050 1234 1134 corrsule

198 1193 275 1242 cum
299 1176 422 1262 gladiis
445 1175 478 1240 in
501 1175 588 1243 clivo
604 1175 798 1261 Capitolino
818 1177 978 1257 fuissent;
1002 1179 1137 1245 venisse
1152 1182 1236 1245 tem-

200 1306 264 1373 pus
291 1288 342 1367 iis,
371 1289 429 1375 qui
459 1289 492 1354 irr
521 1289 640 1355 timore
668 1289 811 1356 fuissent
840 1289 1050 1375 (coniuratos
1080 1290 1237 1358 videlicet

200 1399 358 1487 dicebat),
382 1400 566 1467 ulciscendi
589 1402 652 1468 sui.

147 1518 182 1574 29
287 1511 322 1578 Si
356 1512 496 1579 dixisset
533 1514 615 1581 haec
653 1514 778 1593 solum,
817 1516 910 1581 omni
946 1516 1113 1601 supplicio
1148 1519 1238 1582 esset

198 1623 333 1708 dignus,
369 1643 446 1690 nam
481 1625 587 1692 oratio
622 1626 695 1711 ipsa
730 1627 880 1694 consulis
907 1628 1096 1713 perniciosa
1125 1632 1238 1713 potest

198 1753 266 1802 rem
287 1736 457 1822 publicam
474 1736 686 1804 labefactare:
711 1738 793 1822 quid
808 1739 931 1816 fecerit,
955 1739 1085 1805 videte!
1124 1739 1158 1805 L.
1176 1741 1236 1806 La·

198 1848 310 1927 miam‚
346 1850 403 1934 qui
438 1868 514 1916 cum
543 1868 596 1916 me
625 1851 737 1934 ipsum
762 1869 822 1936 pro
846 1869 979 1917 summa
1003 1852 1236 1932 familiaritate,

197 1978 284 2045 quae
313 1961 394 2027 mihi
418 1979 494 2028 cum
518 1965 610 2048 patre
634 1963 707 2028 eius
731 1965 808 2041 erat,
844 1963 943 2029 unice
967 1962 1140 2047 diligebat,
1163 1968 1239 2031 tum

196 2091 257 2158 pro
280 2091 314 2140 re
338 2074 472 2158 publica
495 2075 548 2141 vel
572 2079 714 2142 mortem
735 2079 895 2160 oppetere
911 2076 1081 2160 cupiebat,
1106 2077 1139 2142 in
1156 2096 1235 2144 con-

194 2184 287 2252 tione
314 2187 491 2274 relcgavlt
519 2187 700 2273 edixitque,
735 2192 771 2255 ut
799 2188 842 2255 ab
870 2188 952 2255 urbe
983 2189 1117 2255 abesset
1144 2189 1236 2255 milia

195 2316 359 2383 passuum
381 2299 534 2381 ducenta,
558 2301 650 2386 quod
668 2305 757 2367 esset
773 2318 877 2367 ausus
895 2320 956 2387 pro
972 2302 1046 2380 civi,
1071 2321 1132 2387 pro
1148 2302 1235 2368 bene

195 2411 313 2478 merito
341 2412 415 2491 civi,
445 2430 505 2497 pro
533 2414 653 2492 amico,
683 2431 743 2498 pro
771 2431 805 2478 re
829 2413 964 2498 publica
989 2413 1168 2497 deprecari.
1191 2450 1236 2460 —

195 2522 287 2604 Quid
317 2525 382 2590 hoc
409 2524 547 2590 homine
573 2525 676 2590 facias
698 2527 755 2591 aut
778 2543 847 2610 quo
870 2526 978 2593 civem
1002 2525 1234 2608 importunum

194 2638 251 2701 aut
274 2654 344 2721 quo
368 2637 482 2722 potius
506 2637 638 2703 hostem
661 2640 729 2703 tam
754 2638 951 2703 sceleratum
969 2638 1141 2704 reserves?
1164 2638 1233 2722 qui,

194 2751 231 2814 ut
251 2749 403 2815 omittam
427 2752 545 2828 cetera,
570 2752 758 2834 quaesunt
782 2750 812 2815 ei
836 2768 912 2817 cum
936 2749 1069 2834 collega
1094 2750 1233 2816 immani

194 2861 396 2945 impuroque
434 2863 611 2929 coniuncta
646 2865 746 2947 atque
780 2861 990 2940 communia,
1029 2862 1094 2927 hoc
1129 2879 1234 2927 unum

194 2971 296 3038 habet
322 2973 505 3058 proprium,
540 2976 576 3039 ut
603 2991 646 3039 ex
673 2973 754 3040 urbe
778 2973 951 3058 expulerit,
987 2973 1142 3057 relegarit
1164 2992 1232 3040 rron

194 3083 270 3149 dico
309 3084 456 3169 equitem
491 3084 696 3164 Romanum,
736 3105 804 3152 non
842 3085 1096 3151 ornatissimum
1131 3089 1233 3171 atque

194 3197 360 3282 optimum
383 3197 502 3278 virum,
527 3216 595 3264 non
619 3198 861 3264 amicissimum
879 3199 925 3264 rei
942 3198 1098 3284 publicae
1114 3198 1232 3275 civem,

194 3327 263 3376 non
286 3308 344 3375 illo
368 3309 444 3394 ipso
465 3312 619 3394 tempore
643 3328 809 3376 unacum
833 3313 952 3377 senatu
977 3313 1107 3376 etcum
1132 3308 1232 3375 bonis

193 3421 353 3488 omnibus
376 3439 492 3487 casum
516 3422 614 3488 amici
637 3423 753 3508 reique
776 3422 931 3507 publicae
955 3422 1139 3505 lugentem,
1170 3421 1231 3486 sed

193 3533 300 3599 civem
317 3533 507 3607 Romanum
531 3535 604 3600 sine
628 3535 698 3602 ullo
721 3535 846 3601 iudicio
869 3537 906 3600 ut
929 3533 1040 3600 edicto
1064 3550 1105 3598 ex
1126 3533 1232 3616 patria

140 3651 176 3707 30
194 3645 313 3712 consul
343 3647 484 3713 eiecerit.
536 3646 626 3713 Nihil
659 3646 811 3713 acerbius
840 3646 922 3712 socii
951 3648 984 3711 et
1013 3645 1119 3710 Latini
1148 3644 1231 3711 ferre

194 3757 283 3824 soliti
307 3761 385 3824 sunt
407 3777 509 3844 quam
534 3777 581 3837 se,
605 3758 754 3844 idquod
780 3776 912 3843 perraro
937 3757 1068 3836 accidit,
1093 3776 1134 3823 ex
1150 3757 1230 3823 urbe

194 3870 282 3936 exire
306 3890 325 3936 a
347 3871 545 3937 consulibus
568 3871 684 3937 iuberi.
722 3870 832 3956 Atque
852 3870 916 3936 illis
932 3874 1003 3937 tum
1020 3873 1089 3936 erat
1105 3870 1230 3937 reditus

194 3981 228 4047 in
256 4001 336 4049 suas
363 3984 513 4049 civitates
541 3982 583 4049 ad
611 4000 693 4049 suos
717 3982 816 4049 Lares
839 3983 1030 4062 familiares,
1059 3985 1092 4049 et
1115 3983 1148 4047 in
1173 3980 1230 4046 illo
