2648 4446
175 341 218 408 54
388 340 459 402 PRO
477 340 504 395 P.
525 341 645 397 SESTIO
664 341 797 403 ORATIO
815 342 833 411 §
854 341 997 397 107-111.

180 530 1212 617 mmmmwmfflfflefflmmwwffl

181 642 242 710 Cn.
259 643 451 729 Pompeius,
476 644 534 730 qui
558 663 595 711 se
618 663 687 710 non
711 644 822 711 solum
845 647 1016 711 auctorem
1040 663 1136 711 meae
1159 664 1212 711 sa-

179 754 267 834 lutis
292 755 476 823 sedetiam
500 757 687 842 supplicem
712 757 865 842 praebuit
888 757 1018 842 populo
1042 757 1212 831 Romano:

179 868 279 933 huius
303 869 408 934 oratio
432 871 468 934 ut
491 887 624 954 semper
646 870 757 954 gravis
781 871 814 936 et
836 872 929 954 grata
945 871 979 934 in
995 870 1213 938 contionibus

171 980 246 1061 luit,
279 982 326 1048 sic
353 981 522 1048 contendo
551 1000 737 1067 numquam
766 1000 877 1068 neque
906 983 1106 1050 sententiam
1136 984 1212 1050 eius

173 1094 369 1159 auctoritate
396 1112 507 1179 neque
531 1093 760 1178 eloquentiam
784 1094 990 1161 iucunditate
1012 1095 1117 1161 luisse
1140 1114 1211 1162 ma·

105 1212 155 1267 108
174 1205 254 1272 iore.
294 1206 373 1287 Quo
397 1206 531 1272 silentio
555 1208 633 1272 sunt
656 1206 761 1272 auditi
785 1205 827 1272 de
851 1225 905 1273 me
928 1208 1026 1273 ceteri
1042 1209 1212 1294 pn'ncipes

172 1319 327 1384 civitatis!
359 1337 447 1404 quos
470 1318 592 1384 idcirco
617 1337 685 1384 non
709 1319 845 1404 appello
869 1319 1041 1400 hocloco,
1068 1339 1211 1387 nemea

172 1431 289 1510 orati0‚
314 1431 341 1496 si
366 1431 477 1496 minus
501 1431 543 1497 de
566 1431 681 1516 aliquo
705 1431 830 1509 dixero,
855 1432 994 1517 ingrata,
1018 1433 1046 1498 si
1070 1433 1151 1499 satis
1169 1432 1211 1499 de

174 1543 1210 1621 mmmmfflmfflwmmnfflmmmmmm

171 1655 261 1721 illius
291 1656 415 1721 inimici
445 1656 511 1721 mei
541 1655 584 1721 de
613 1674 667 1721 me
691 1656 813 1722 eodem
838 1655 879 1722 ad
903 1674 1019 1722 verum
1043 1656 1211 1751 populum

174 1767 208 1832 in
224 1786 345 1853 campo
368 1767 490 1835 Martio
513 1768 721 1834 contionem!
757 1768 844 1849 Quis
868 1787 936 1835 non
960 1769 1065 1835 modo
1088 1787 1210 1855 appro-

176 1877 1208 1967 mmmmmmfflmmmmmmfflfflm

173 1992 1211 2080 rmmmmmmmffimmffiwmmm

171 2123 240 2170 non
268 2105 340 2170 eius
362 2123 447 2171 voce
471 2106 628 2171 maculari
651 2125 720 2172 rem
735 2106 914 2202 publicam
939 2125 1054 2191 seque,
1078 2106 1106 2173 si
1130 2125 1210 2174 eum

171 2216 310 2296 audiret,
335 2218 458 2284 scelere
482 2219 619 2302 astringi
643 2219 874 2285 arbitraretur?

103 2337 153 2393 109
256 2329 365 2395 Venio
389 2328 431 2395 ad
447 2330 628 2409 comitia,
653 2330 723 2396 sive
741 2331 996 2416 magistratuum
1013 2331 1122 2417 placet
1138 2331 1210 2398 sive

172 2443 297 2526 legum.
348 2441 454 2527 Leges
480 2442 636 2509 videmus
665 2461 767 2527 saepe
796 2442 870 2508 lerri
899 2443 1031 2508 multas
1078 2441 1211 2510 Omitto

177 2572 245 2632 eas,
276 2571 364 2639 quae
391 2553 540 2619 teruntur
568 2555 622 2633 ita,
653 2555 709 2621 vix
736 2557 772 2620 ut
799 2555 903 2639 quini,
934 2557 967 2622 et
989 2555 1011 2620 ii
1035 2573 1077 2622 ex
1098 2554 1210 2622 aliena

171 2665 270 2744 tribu,
310 2665 368 2750 qui
402 2666 600 2750 suffragium
633 2666 749 2746 lerant,
786 2668 1000 2753 reperiantur.
1057 2667 1108 2734 De
1143 2686 1209 2747 me,

175 2796 277 2863 quem
301 2780 478 2865 tyrannum
502 2781 604 2863 atque
627 2780 812 2864 ereptorem
836 2779 997 2846 libertatis
1021 2797 1096 2846 esse
1120 2779 1209 2846 dice·

173 2889 232 2956 bat
265 2890 321 2957 illa
356 2891 449 2957 ruina
483 2891 530 2956 rei
564 2891 729 2976 publicae,
764 2891 843 2957 dicit
877 2910 914 2958 se
940 2892 1051 2977 legem
1079 2891 1208 2958 tulisse.

173 3002 260 3083 Quis
295 3005 355 3081 est,
391 3004 448 3088 qui
472 3021 519 3082 se,
553 3021 629 3068 curn
665 3005 777 3069 contra
813 3021 867 3070 me
894 3002 1069 3083 ferebatur,
1104 3003 1209 3070 inisse

176 3114 372 3200 suffragium
396 3115 614 3181 confiteatur?
642 3133 718 3181 curn
742 3117 854 3181 autem
878 3114 921 3181 de
945 3133 999 3181 me
1022 3114 1144 3182 eodem
1168 3133 1210 3181 ex

178 3229 315 3293 senatus
350 3227 505 3293 consulto
533 3227 676 3293 comitiis
703 3227 894 3293 centuriatis
921 3227 1096 3306 ferebatur,
1132 3226 1210 3312 quis

176 3337 1209 3425 mmmmmwmmmmmm

172 3451 279 3518 salute
303 3470 378 3519 mea
404 3453 545 3519 tulisse?
579 3451 660 3518 Utra
683 3452 784 3537 igitur
799 3471 900 3518 causa
917 3450 1090 3538 popularis
1108 3449 1210 3516 debet

170 3563 286 3643 videri,
304 3565 337 3629 in
351 3583 417 3650 qua
431 3583 550 3631 omnes
563 3566 756 3630 honestates
769 3564 921 3643 civitatis,
938 3581 1057 3630 omnes
1070 3565 1208 3642 aetates

172 3675 1208 3761 ommmmwmmmoemmmmmwmme

172 3789 356 3856 concitatae
380 3791 553 3873 tamquam
577 3788 619 3854 ad
643 3789 744 3854 lunus
767 3789 813 3855 rei
834 3787 989 3874 publicae
1005 3787 1208 3855 convolant?

103 3910 153 3965 110
170 3937 1208 3949 ----------------

94 3997 555 4099 Μ--ἧῇῗῇ
578 4048 1207 4061 ----------
