<?xml version="1.0" encoding="UTF-8"?>
<!DOCTYPE html PUBLIC "-//W3C//DTD XHTML 1.0 Transitional//EN"
    "http://www.w3.org/TR/xhtml1/DTD/xhtml1-transitional.dtd">
<html xmlns="http://www.w3.org/1999/xhtml" xml:lang="en" lang="en">
 <head>
  <title>
</title>
<meta http-equiv="Content-Type" content="text/html;charset=utf-8" />
  <meta name='ocr-system' content='tesseract 3.04.00' />
  <meta name='ocr-capabilities' content='ocr_page ocr_carea ocr_par ocr_line ocrx_word'/>
</head>
<body>
  <div class='ocr_page' id='page_1' title='image "./redefrsestius00cicegoog_0020.png"; bbox 0 0 2648 4446; ppageno 0'>
   <div class='ocr_carea' id='block_1_1' title="bbox 338 326 1139 397">
    <p class='ocr_par' dir='ltr' id='par_1_1' title="bbox 338 326 1139 397">
     <span class='ocr_line' id='line_1_1' title="bbox 338 326 1139 397; baseline 0.001 -15"><span class='ocrx_word' id='word_1_1' title='bbox 338 327 409 390; x_wconf 86' lang='lat' dir='ltr'>PRO</span> <span class='ocrx_word' id='word_1_2' title='bbox 427 327 455 382; x_wconf 87' lang='lat' dir='ltr'>P.</span> <span class='ocrx_word' id='word_1_3' title='bbox 476 327 597 383; x_wconf 86' lang='lat' dir='ltr'>SESTIO</span> <span class='ocrx_word' id='word_1_4' title='bbox 616 326 749 389; x_wconf 82' lang='lat' dir='ltr'>ORATIO</span> <span class='ocrx_word' id='word_1_5' title='bbox 767 329 786 397; x_wconf 83' lang='lat'>§</span> <span class='ocrx_word' id='word_1_6' title='bbox 803 327 914 383; x_wconf 82' lang='lat'>22-24.</span> <span class='ocrx_word' id='word_1_7' title='bbox 1104 329 1139 395; x_wconf 90' lang='lat' dir='ltr'>ll</span> 
     </span>
    </p>
   </div>
   <div class='ocr_carea' id='block_1_2' title="bbox 107 518 1199 4090">
    <p class='ocr_par' dir='ltr' id='par_1_2' title="bbox 107 518 1199 4090">
     <span class='ocr_line' id='line_1_2' title="bbox 108 518 1145 603; baseline -0.003 -16"><span class='ocrx_word' id='word_1_8' title='bbox 108 520 293 587; x_wconf 88' lang='lat' dir='ltr'>obstructio</span> <span class='ocrx_word' id='word_1_9' title='bbox 328 537 389 585; x_wconf 91' lang='lat' dir='ltr'>nec</span> <span class='ocrx_word' id='word_1_10' title='bbox 423 518 578 584; x_wconf 89' lang='lat' dir='ltr'>diuturna</span> <span class='ocrx_word' id='word_1_11' title='bbox 612 521 664 585; x_wconf 92' lang='lat' dir='ltr'>est</span> <span class='ocrx_word' id='word_1_12' title='bbox 698 536 808 603; x_wconf 90' lang='lat' dir='ltr'>neque</span> <span class='ocrx_word' id='word_1_13' title='bbox 841 518 988 584; x_wconf 90' lang='lat' dir='ltr'>obducta</span> <span class='ocrx_word' id='word_1_14' title='bbox 1019 518 1074 597; x_wconf 88' lang='lat' dir='ltr'>ita,</span> <span class='ocrx_word' id='word_1_15' title='bbox 1108 521 1145 584; x_wconf 89' lang='lat' dir='ltr'>ut</span> 
     </span>
     <span class='ocr_line' id='line_1_3' title="bbox 108 625 1144 716; baseline -0.002 -18"><span class='ocrx_word' id='word_1_16' title='bbox 108 625 249 698; x_wconf 83' lang='lat' dir='ltr'>curiosis</span> <span class='ocrx_word' id='word_1_17' title='bbox 273 631 380 698; x_wconf 91' lang='lat' dir='ltr'>oculis</span> <span class='ocrx_word' id='word_1_18' title='bbox 404 631 548 716; x_wconf 87' lang='lat' dir='ltr'>perspici</span> <span class='ocrx_word' id='word_1_19' title='bbox 572 649 641 697; x_wconf 93' lang='lat' dir='ltr'>non</span> <span class='ocrx_word' id='word_1_20' title='bbox 665 630 787 716; x_wconf 88' lang='lat' dir='ltr'><strong>possit:</strong></span> <span class='ocrx_word' id='word_1_21' title='bbox 810 630 1011 697; x_wconf 90' lang='lat' dir='ltr'>videbamus</span> <span class='ocrx_word' id='word_1_22' title='bbox 1035 649 1144 715; x_wconf 89' lang='lat' dir='ltr'>genus</span> 
     </span>
     <span class='ocr_line' id='line_1_4' title="bbox 108 743 1144 828; baseline -0.004 -17"><span class='ocrx_word' id='word_1_23' title='bbox 108 745 206 824; x_wconf 86' lang='lat' dir='ltr'>vilae,</span> <span class='ocrx_word' id='word_1_24' title='bbox 231 743 407 823; x_wconf 84' lang='lat' dir='ltr'>desidiam,</span> <span class='ocrx_word' id='word_1_25' title='bbox 431 744 599 822; x_wconf 92' lang='lat' dir='ltr'>inertiam;</span> <span class='ocrx_word' id='word_1_26' title='bbox 627 743 773 810; x_wconf 89' lang='lat' dir='ltr'>inclusas</span> <span class='ocrx_word' id='word_1_27' title='bbox 797 743 870 810; x_wconf 91' lang='lat' dir='ltr'>eius</span> <span class='ocrx_word' id='word_1_28' title='bbox 894 743 1062 822; x_wconf 86' lang='lat' dir='ltr'>libidines,</span> <span class='ocrx_word' id='word_1_29' title='bbox 1086 743 1144 828; x_wconf 94' lang='lat' dir='ltr'>qui</span> 
     </span>
     <span class='ocr_line' id='line_1_5' title="bbox 108 855 1144 944; baseline -0.001 -22"><span class='ocrx_word' id='word_1_30' title='bbox 108 856 211 944; x_wconf 89' lang='lat' dir='ltr'>paulo</span> <span class='ocrx_word' id='word_1_31' title='bbox 228 856 370 941; x_wconf 90' lang='lat' dir='ltr'>propius</span> <span class='ocrx_word' id='word_1_32' title='bbox 386 858 603 934; x_wconf 85' lang='lat' dir='ltr'>accesserant,</span> <span class='ocrx_word' id='word_1_33' title='bbox 627 855 857 934; x_wconf 81' lang='lat' dir='ltr'>intuebantur3</span> <span class='ocrx_word' id='word_1_34' title='bbox 880 855 1028 941; x_wconf 90' lang='lat' dir='ltr'>denique</span> <span class='ocrx_word' id='word_1_35' title='bbox 1044 855 1144 922; x_wconf 89' lang='lat' dir='ltr'>etiam</span> 
     </span>
     <span class='ocr_line' id='line_1_6' title="bbox 108 968 1145 1054; baseline -0.002 -18"><span class='ocrx_word' id='word_1_36' title='bbox 108 988 220 1036; x_wconf 89' lang='lat' dir='ltr'>sermo</span> <span class='ocrx_word' id='word_1_37' title='bbox 259 968 360 1036; x_wconf 91' lang='lat' dir='ltr'>nobis</span> <span class='ocrx_word' id='word_1_38' title='bbox 398 986 498 1035; x_wconf 88' lang='lat' dir='ltr'>ansas</span> <span class='ocrx_word' id='word_1_39' title='bbox 532 968 648 1048; x_wconf 87' lang='lat' dir='ltr'>dabat,</span> <span class='ocrx_word' id='word_1_40' title='bbox 687 969 812 1054; x_wconf 92' lang='lat' dir='ltr'>quibus</span> <span class='ocrx_word' id='word_1_41' title='bbox 846 969 1038 1036; x_wconf 89' lang='lat' dir='ltr'>reconditos</span> <span class='ocrx_word' id='word_1_42' title='bbox 1072 970 1145 1035; x_wconf 90' lang='lat' dir='ltr'>eius</span> 
     </span>
     <span class='ocr_line' id='line_1_7' title="bbox 108 1080 1198 1166; baseline -0.005 -18"><span class='ocrx_word' id='word_1_43' title='bbox 108 1099 232 1148; x_wconf 90' lang='lat' dir='ltr'>sensus</span> <span class='ocrx_word' id='word_1_44' title='bbox 269 1083 381 1146; x_wconf 88' lang='lat' dir='ltr'>tenere</span> <span class='ocrx_word' id='word_1_45' title='bbox 420 1099 610 1166; x_wconf 90' lang='lat' dir='ltr'>possemus.</span> <span class='ocrx_word' id='word_1_46' title='bbox 670 1080 844 1147; x_wconf 76' lang='lat' dir='ltr'>Laudabat</span> <span class='ocrx_word' id='word_1_47' title='bbox 881 1082 987 1148; x_wconf 89' lang='lat' dir='ltr'>homo</span> <span class='ocrx_word' id='word_1_48' title='bbox 1024 1081 1145 1148; x_wconf 89' lang='lat' dir='ltr'>doctus</span> <span class='ocrx_word' id='word_1_49' title='bbox 1162 1087 1198 1143; x_wconf 79' lang='lat'>23</span> 
     </span>
     <span class='ocr_line' id='line_1_8' title="bbox 110 1193 1145 1279; baseline 0.001 -20"><span class='ocrx_word' id='word_1_50' title='bbox 110 1193 335 1279; x_wconf 88' lang='lat' dir='ltr'>philosophos</span> <span class='ocrx_word' id='word_1_51' title='bbox 359 1195 475 1260; x_wconf 89' lang='lat' dir='ltr'>nescio</span> <span class='ocrx_word' id='word_1_52' title='bbox 498 1211 587 1278; x_wconf 92' lang='lat' dir='ltr'>quos</span> <span class='ocrx_word' id='word_1_53' title='bbox 609 1211 721 1279; x_wconf 92' lang='lat' dir='ltr'>neque</span> <span class='ocrx_word' id='word_1_54' title='bbox 745 1211 861 1259; x_wconf 90' lang='lat' dir='ltr'>eorum</span> <span class='ocrx_word' id='word_1_55' title='bbox 876 1197 990 1260; x_wconf 87' lang='lat' dir='ltr'>tamen</span> <span class='ocrx_word' id='word_1_56' title='bbox 1008 1193 1145 1261; x_wconf 92' lang='lat' dir='ltr'>nomina</span> 
     </span>
     <span class='ocr_line' id='line_1_9' title="bbox 110 1305 1145 1391; baseline 0 -20"><span class='ocrx_word' id='word_1_57' title='bbox 110 1308 240 1390; x_wconf 92' lang='lat' dir='ltr'>poterat</span> <span class='ocrx_word' id='word_1_58' title='bbox 266 1306 386 1385; x_wconf 87' lang='lat' dir='ltr'>dicere,</span> <span class='ocrx_word' id='word_1_59' title='bbox 416 1306 476 1372; x_wconf 90' lang='lat' dir='ltr'>sed</span> <span class='ocrx_word' id='word_1_60' title='bbox 500 1309 613 1373; x_wconf 90' lang='lat' dir='ltr'>tamen</span> <span class='ocrx_word' id='word_1_61' title='bbox 637 1324 697 1372; x_wconf 89' lang='lat' dir='ltr'>eos</span> <span class='ocrx_word' id='word_1_62' title='bbox 721 1305 881 1372; x_wconf 90' lang='lat' dir='ltr'>laudabat</span> <span class='ocrx_word' id='word_1_63' title='bbox 903 1307 1059 1385; x_wconf 86' lang='lat' dir='ltr'>maxime,</span> <span class='ocrx_word' id='word_1_64' title='bbox 1088 1307 1145 1391; x_wconf 93' lang='lat' dir='ltr'>qui</span> 
     </span>
     <span class='ocr_line' id='line_1_10' title="bbox 112 1418 1146 1503; baseline 0.002 -20"><span class='ocrx_word' id='word_1_65' title='bbox 112 1418 266 1484; x_wconf 89' lang='lat' dir='ltr'>dicuntur</span> <span class='ocrx_word' id='word_1_66' title='bbox 296 1421 427 1503; x_wconf 91' lang='lat' dir='ltr'>praeter</span> <span class='ocrx_word' id='word_1_67' title='bbox 453 1421 582 1485; x_wconf 91' lang='lat' dir='ltr'>ceteros</span> <span class='ocrx_word' id='word_1_68' title='bbox 611 1436 686 1484; x_wconf 87' lang='lat' dir='ltr'>esse</span> <span class='ocrx_word' id='word_1_69' title='bbox 714 1421 866 1485; x_wconf 73' lang='lat' dir='ltr'>auctores</span> <span class='ocrx_word' id='word_1_70' title='bbox 894 1421 928 1484; x_wconf 93' lang='lat' dir='ltr'>et</span> <span class='ocrx_word' id='word_1_71' title='bbox 954 1418 1146 1485; x_wconf 87' lang='lat' dir='ltr'>laudatores</span> 
     </span>
     <span class='ocr_line' id='line_1_11' title="bbox 107 1530 1145 1616; baseline 0.001 -21"><span class='ocrx_word' id='word_1_72' title='bbox 107 1530 305 1616; x_wconf 84' lang='lat' dir='ltr'>voluptatis3</span> <span class='ocrx_word' id='word_1_73' title='bbox 345 1531 441 1597; x_wconf 89' lang='lat' dir='ltr'>cuius</span> <span class='ocrx_word' id='word_1_74' title='bbox 466 1533 498 1596; x_wconf 90' lang='lat' dir='ltr'>et</span> <span class='ocrx_word' id='word_1_75' title='bbox 521 1549 591 1616; x_wconf 92' lang='lat' dir='ltr'>quo</span> <span class='ocrx_word' id='word_1_76' title='bbox 612 1533 765 1615; x_wconf 87' lang='lat' dir='ltr'>tempore</span> <span class='ocrx_word' id='word_1_77' title='bbox 789 1533 822 1596; x_wconf 90' lang='lat' dir='ltr'>et</span> <span class='ocrx_word' id='word_1_78' title='bbox 844 1549 914 1616; x_wconf 94' lang='lat' dir='ltr'>quo</span> <span class='ocrx_word' id='word_1_79' title='bbox 938 1531 1053 1610; x_wconf 93' lang='lat' dir='ltr'>modo,</span> <span class='ocrx_word' id='word_1_80' title='bbox 1077 1548 1145 1597; x_wconf 93' lang='lat' dir='ltr'>non</span> 
     </span>
     <span class='ocr_line' id='line_1_12' title="bbox 108 1641 1146 1729; baseline 0.003 -23"><span class='ocrx_word' id='word_1_81' title='bbox 108 1642 301 1727; x_wconf 87' lang='lat' dir='ltr'>quaerebat,</span> <span class='ocrx_word' id='word_1_82' title='bbox 330 1641 470 1708; x_wconf 88' lang='lat' dir='ltr'>verbum</span> <span class='ocrx_word' id='word_1_83' title='bbox 494 1643 606 1727; x_wconf 90' lang='lat' dir='ltr'>ipsum</span> <span class='ocrx_word' id='word_1_84' title='bbox 630 1642 789 1708; x_wconf 92' lang='lat' dir='ltr'>omnibus</span> <span class='ocrx_word' id='word_1_85' title='bbox 817 1644 920 1709; x_wconf 92' lang='lat' dir='ltr'>animi</span> <span class='ocrx_word' id='word_1_86' title='bbox 943 1647 976 1710; x_wconf 93' lang='lat' dir='ltr'>et</span> <span class='ocrx_word' id='word_1_87' title='bbox 997 1645 1146 1729; x_wconf 89' lang='lat' dir='ltr'>corporis</span> 
     </span>
     <span class='ocr_line' id='line_1_13' title="bbox 109 1753 1149 1840; baseline 0.003 -21"><span class='ocrx_word' id='word_1_88' title='bbox 109 1753 260 1839; x_wconf 90' lang='lat' dir='ltr'>partibus</span> <span class='ocrx_word' id='word_1_89' title='bbox 277 1755 461 1821; x_wconf 87' lang='lat' dir='ltr'>devorarat.</span> <span class='ocrx_word' id='word_1_90' title='bbox 495 1754 713 1840; x_wconf 87' lang='lat' dir='ltr'>Eosdemque</span> <span class='ocrx_word' id='word_1_91' title='bbox 729 1756 896 1840; x_wconf 92' lang='lat' dir='ltr'>praeclare</span> <span class='ocrx_word' id='word_1_92' title='bbox 912 1757 1021 1824; x_wconf 88' lang='lat' dir='ltr'>dicere</span> <span class='ocrx_word' id='word_1_93' title='bbox 1037 1757 1149 1823; x_wconf 92' lang='lat' dir='ltr'>aiebat</span> 
     </span>
     <span class='ocr_line' id='line_1_14' title="bbox 111 1867 1147 1953; baseline 0.005 -22"><span class='ocrx_word' id='word_1_94' title='bbox 111 1867 280 1951; x_wconf 86' lang='lat' dir='ltr'>sapientes</span> <span class='ocrx_word' id='word_1_95' title='bbox 308 1868 422 1934; x_wconf 91' lang='lat' dir='ltr'>omnia</span> <span class='ocrx_word' id='word_1_96' title='bbox 452 1885 513 1934; x_wconf 89' lang='lat' dir='ltr'>sua</span> <span class='ocrx_word' id='word_1_97' title='bbox 537 1885 638 1934; x_wconf 89' lang='lat' dir='ltr'>causa</span> <span class='ocrx_word' id='word_1_98' title='bbox 661 1867 779 1946; x_wconf 89' lang='lat' dir='ltr'>iacere,</span> <span class='ocrx_word' id='word_1_99' title='bbox 807 1886 876 1934; x_wconf 92' lang='lat' dir='ltr'>rem</span> <span class='ocrx_word' id='word_1_100' title='bbox 901 1869 1071 1953; x_wconf 87' lang='lat' dir='ltr'>publicam</span> <span class='ocrx_word' id='word_1_101' title='bbox 1094 1887 1147 1936; x_wconf 90' lang='lat' dir='ltr'>ca-</span> 
     </span>
     <span class='ocr_line' id='line_1_15' title="bbox 110 1980 1146 2066; baseline 0.004 -22"><span class='ocrx_word' id='word_1_102' title='bbox 110 1997 245 2064; x_wconf 90' lang='lat' dir='ltr'>pessere</span> <span class='ocrx_word' id='word_1_103' title='bbox 265 1980 439 2046; x_wconf 87' lang='lat' dir='ltr'>hominem</span> <span class='ocrx_word' id='word_1_104' title='bbox 456 1980 543 2046; x_wconf 91' lang='lat' dir='ltr'>bene</span> <span class='ocrx_word' id='word_1_105' title='bbox 560 1998 680 2047; x_wconf 89' lang='lat' dir='ltr'>sanum</span> <span class='ocrx_word' id='word_1_106' title='bbox 698 1998 766 2046; x_wconf 95' lang='lat' dir='ltr'>non</span> <span class='ocrx_word' id='word_1_107' title='bbox 783 1983 948 2066; x_wconf 89' lang='lat' dir='ltr'>oportere,</span> <span class='ocrx_word' id='word_1_108' title='bbox 972 1982 1054 2048; x_wconf 90' lang='lat' dir='ltr'>nihil</span> <span class='ocrx_word' id='word_1_109' title='bbox 1071 2001 1146 2048; x_wconf 91' lang='lat' dir='ltr'>esse</span> 
     </span>
     <span class='ocr_line' id='line_1_16' title="bbox 111 2091 1145 2180; baseline 0.003 -23"><span class='ocrx_word' id='word_1_110' title='bbox 111 2091 345 2176; x_wconf 84' lang='lat' dir='ltr'>praestabilius</span> <span class='ocrx_word' id='word_1_111' title='bbox 374 2094 483 2159; x_wconf 89' lang='lat' dir='ltr'>otiosa</span> <span class='ocrx_word' id='word_1_112' title='bbox 511 2093 578 2159; x_wconf 91' lang='lat' dir='ltr'>vita</span> <span class='ocrx_word' id='word_1_113' title='bbox 607 2093 706 2178; x_wconf 93' lang='lat' dir='ltr'>plena</span> <span class='ocrx_word' id='word_1_114' title='bbox 736 2096 770 2160; x_wconf 98' lang='lat' dir='ltr'>et</span> <span class='ocrx_word' id='word_1_115' title='bbox 797 2094 944 2160; x_wconf 83' lang='lat' dir='ltr'>conferta</span> <span class='ocrx_word' id='word_1_116' title='bbox 967 2095 1145 2180; x_wconf 90' lang='lat' dir='ltr'>voluptati-</span> 
     </span>
     <span class='ocr_line' id='line_1_17' title="bbox 111 2203 1146 2291; baseline 0.005 -23"><span class='ocrx_word' id='word_1_117' title='bbox 111 2203 191 2282; x_wconf 92' lang='lat' dir='ltr'>bus;</span> <span class='ocrx_word' id='word_1_118' title='bbox 219 2221 279 2270; x_wconf 89' lang='lat' dir='ltr'>eos</span> <span class='ocrx_word' id='word_1_119' title='bbox 308 2207 431 2282; x_wconf 89' lang='lat' dir='ltr'>autem,</span> <span class='ocrx_word' id='word_1_120' title='bbox 461 2205 519 2288; x_wconf 94' lang='lat' dir='ltr'>qui</span> <span class='ocrx_word' id='word_1_121' title='bbox 547 2203 695 2271; x_wconf 88' lang='lat' dir='ltr'>dicerent</span> <span class='ocrx_word' id='word_1_122' title='bbox 722 2204 875 2291; x_wconf 85' lang='lat' dir='ltr'>dignitati</span> <span class='ocrx_word' id='word_1_123' title='bbox 902 2224 978 2272; x_wconf 89' lang='lat' dir='ltr'>esse</span> <span class='ocrx_word' id='word_1_124' title='bbox 1002 2208 1146 2273; x_wconf 90' lang='lat' dir='ltr'>servien-</span> 
     </span>
     <span class='ocr_line' id='line_1_18' title="bbox 111 2314 1146 2401; baseline 0.005 -21"><span class='ocrx_word' id='word_1_125' title='bbox 111 2315 204 2394; x_wconf 91' lang='lat' dir='ltr'>dum,</span> <span class='ocrx_word' id='word_1_126' title='bbox 239 2317 284 2381; x_wconf 90' lang='lat' dir='ltr'>rei</span> <span class='ocrx_word' id='word_1_127' title='bbox 316 2314 471 2401; x_wconf 91' lang='lat' dir='ltr'>publicae</span> <span class='ocrx_word' id='word_1_128' title='bbox 499 2317 757 2397; x_wconf 92' lang='lat' dir='ltr'>consulendum,</span> <span class='ocrx_word' id='word_1_129' title='bbox 793 2318 893 2384; x_wconf 87' lang='lat' dir='ltr'>oilicii</span> <span class='ocrx_word' id='word_1_130' title='bbox 922 2319 1084 2386; x_wconf 87' lang='lat' dir='ltr'>rationem</span> <span class='ocrx_word' id='word_1_131' title='bbox 1112 2321 1146 2385; x_wconf 95' lang='lat' dir='ltr'>in</span> 
     </span>
     <span class='ocr_line' id='line_1_19' title="bbox 110 2429 1147 2512; baseline 0.005 -18"><span class='ocrx_word' id='word_1_132' title='bbox 110 2429 202 2494; x_wconf 94' lang='lat' dir='ltr'>omni</span> <span class='ocrx_word' id='word_1_133' title='bbox 236 2430 314 2509; x_wconf 87' lang='lat' dir='ltr'>vita,</span> <span class='ocrx_word' id='word_1_134' title='bbox 349 2447 417 2495; x_wconf 94' lang='lat' dir='ltr'>non</span> <span class='ocrx_word' id='word_1_135' title='bbox 452 2430 624 2497; x_wconf 92' lang='lat' dir='ltr'>commodi</span> <span class='ocrx_word' id='word_1_136' title='bbox 653 2449 728 2497; x_wconf 91' lang='lat' dir='ltr'>esse</span> <span class='ocrx_word' id='word_1_137' title='bbox 756 2431 955 2512; x_wconf 87' lang='lat' dir='ltr'>ducendam,</span> <span class='ocrx_word' id='word_1_138' title='bbox 990 2432 1147 2499; x_wconf 89' lang='lat' dir='ltr'>adeunda</span> 
     </span>
     <span class='ocr_line' id='line_1_20' title="bbox 110 2543 1146 2631; baseline 0.006 -26"><span class='ocrx_word' id='word_1_139' title='bbox 110 2559 170 2626; x_wconf 96' lang='lat' dir='ltr'>pro</span> <span class='ocrx_word' id='word_1_140' title='bbox 195 2543 299 2626; x_wconf 90' lang='lat' dir='ltr'>patria</span> <span class='ocrx_word' id='word_1_141' title='bbox 323 2543 479 2627; x_wconf 87' lang='lat' dir='ltr'>pericula,</span> <span class='ocrx_word' id='word_1_142' title='bbox 497 2543 635 2609; x_wconf 90' lang='lat' dir='ltr'>vulnera</span> <span class='ocrx_word' id='word_1_143' title='bbox 651 2543 859 2628; x_wconf 86' lang='lat' dir='ltr'>excipienda,</span> <span class='ocrx_word' id='word_1_144' title='bbox 883 2547 1024 2610; x_wconf 89' lang='lat' dir='ltr'>mortem</span> <span class='ocrx_word' id='word_1_145' title='bbox 1041 2564 1146 2631; x_wconf 92' lang='lat' dir='ltr'>oppe-</span> 
     </span>
     <span class='ocr_line' id='line_1_21' title="bbox 109 2653 1199 2740; baseline 0.002 -21"><span class='ocrx_word' id='word_1_146' title='bbox 109 2653 256 2733; x_wconf 88' lang='lat' dir='ltr'>tendam,</span> <span class='ocrx_word' id='word_1_147' title='bbox 280 2656 450 2722; x_wconf 87' lang='lat' dir='ltr'>vaticinari</span> <span class='ocrx_word' id='word_1_148' title='bbox 472 2658 573 2740; x_wconf 89' lang='lat' dir='ltr'>atque</span> <span class='ocrx_word' id='word_1_149' title='bbox 589 2657 734 2722; x_wconf 90' lang='lat' dir='ltr'>insanire</span> <span class='ocrx_word' id='word_1_150' title='bbox 750 2656 892 2723; x_wconf 91' lang='lat' dir='ltr'>dicebat.</span> <span class='ocrx_word' id='word_1_151' title='bbox 930 2657 980 2723; x_wconf 86' lang='lat' dir='ltr'>Ex</span> <span class='ocrx_word' id='word_1_152' title='bbox 995 2658 1047 2723; x_wconf 89' lang='lat' dir='ltr'>his</span> <span class='ocrx_word' id='word_1_153' title='bbox 1063 2659 1146 2724; x_wconf 90' lang='lat' dir='ltr'>assi·</span> <span class='ocrx_word' id='word_1_154' title='bbox 1164 2666 1199 2722; x_wconf 80' lang='lat'>24</span> 
     </span>
     <span class='ocr_line' id='line_1_22' title="bbox 112 2765 1147 2853; baseline 0.005 -23"><span class='ocrx_word' id='word_1_155' title='bbox 112 2765 187 2831; x_wconf 89' lang='lat' dir='ltr'>duis</span> <span class='ocrx_word' id='word_1_156' title='bbox 212 2767 285 2832; x_wconf 89' lang='lat' dir='ltr'>eius</span> <span class='ocrx_word' id='word_1_157' title='bbox 308 2767 556 2852; x_wconf 89' lang='lat' dir='ltr'>cotidianisque</span> <span class='ocrx_word' id='word_1_158' title='bbox 572 2768 796 2848; x_wconf 87' lang='lat' dir='ltr'>sermonibus,</span> <span class='ocrx_word' id='word_1_159' title='bbox 820 2772 853 2836; x_wconf 90' lang='lat' dir='ltr'>et</span> <span class='ocrx_word' id='word_1_160' title='bbox 870 2770 963 2853; x_wconf 92' lang='lat' dir='ltr'>quod</span> <span class='ocrx_word' id='word_1_161' title='bbox 979 2770 1147 2849; x_wconf 89' lang='lat' dir='ltr'>videbam,</span> 
     </span>
     <span class='ocr_line' id='line_1_23' title="bbox 114 2878 1148 2966; baseline 0.006 -24"><span class='ocrx_word' id='word_1_162' title='bbox 114 2878 315 2961; x_wconf 90' lang='lat' dir='ltr'>quibuscum</span> <span class='ocrx_word' id='word_1_163' title='bbox 333 2880 529 2947; x_wconf 91' lang='lat' dir='ltr'>bominibus</span> <span class='ocrx_word' id='word_1_164' title='bbox 545 2882 579 2946; x_wconf 93' lang='lat' dir='ltr'>in</span> <span class='ocrx_word' id='word_1_165' title='bbox 593 2881 747 2947; x_wconf 90' lang='lat' dir='ltr'>interiore</span> <span class='ocrx_word' id='word_1_166' title='bbox 761 2884 853 2966; x_wconf 91' lang='lat' dir='ltr'>parte</span> <span class='ocrx_word' id='word_1_167' title='bbox 866 2881 1001 2948; x_wconf 92' lang='lat' dir='ltr'>aedium</span> <span class='ocrx_word' id='word_1_168' title='bbox 1013 2882 1148 2962; x_wconf 90' lang='lat' dir='ltr'>viveret,</span> 
     </span>
     <span class='ocr_line' id='line_1_24' title="bbox 113 2991 1148 3078; baseline 0.007 -24"><span class='ocrx_word' id='word_1_169' title='bbox 113 2992 146 3055; x_wconf 89' lang='lat' dir='ltr'>et</span> <span class='ocrx_word' id='word_1_170' title='bbox 173 2991 266 3074; x_wconf 90' lang='lat' dir='ltr'>quod</span> <span class='ocrx_word' id='word_1_171' title='bbox 295 2992 338 3058; x_wconf 92' lang='lat' dir='ltr'>ita</span> <span class='ocrx_word' id='word_1_172' title='bbox 363 2993 487 3059; x_wconf 93' lang='lat' dir='ltr'>domus</span> <span class='ocrx_word' id='word_1_173' title='bbox 512 2994 585 3078; x_wconf 93' lang='lat' dir='ltr'>ipsa</span> <span class='ocrx_word' id='word_1_174' title='bbox 608 2994 770 3073; x_wconf 81' lang='lat' dir='ltr'>fumabat,</span> <span class='ocrx_word' id='word_1_175' title='bbox 799 2997 835 3060; x_wconf 88' lang='lat' dir='ltr'>ut</span> <span class='ocrx_word' id='word_1_176' title='bbox 858 2995 961 3061; x_wconf 88' lang='lat' dir='ltr'>multa</span> <span class='ocrx_word' id='word_1_177' title='bbox 986 2996 1058 3061; x_wconf 89' lang='lat' dir='ltr'>eius</span> <span class='ocrx_word' id='word_1_178' title='bbox 1082 3014 1148 3061; x_wconf 90' lang='lat' dir='ltr'>ser-</span> 
     </span>
     <span class='ocr_line' id='line_1_25' title="bbox 114 3103 1148 3185; baseline 0.006 -18"><span class='ocrx_word' id='word_1_179' title='bbox 114 3103 227 3168; x_wconf 93' lang='lat' dir='ltr'>monis</span> <span class='ocrx_word' id='word_1_180' title='bbox 250 3103 372 3170; x_wconf 91' lang='lat' dir='ltr'>indicia</span> <span class='ocrx_word' id='word_1_181' title='bbox 395 3105 593 3185; x_wconf 87' lang='lat' dir='ltr'>redolerent,</span> <span class='ocrx_word' id='word_1_182' title='bbox 618 3107 806 3172; x_wconf 91' lang='lat' dir='ltr'>statuebam</span> <span class='ocrx_word' id='word_1_183' title='bbox 828 3108 885 3185; x_wconf 91' lang='lat' dir='ltr'>sic,</span> <span class='ocrx_word' id='word_1_184' title='bbox 909 3107 990 3173; x_wconf 92' lang='lat' dir='ltr'>boni</span> <span class='ocrx_word' id='word_1_185' title='bbox 1007 3108 1088 3172; x_wconf 91' lang='lat' dir='ltr'>nihil</span> <span class='ocrx_word' id='word_1_186' title='bbox 1106 3109 1148 3174; x_wconf 93' lang='lat' dir='ltr'>ab</span> 
     </span>
     <span class='ocr_line' id='line_1_26' title="bbox 114 3214 1148 3304; baseline 0.005 -25"><span class='ocrx_word' id='word_1_187' title='bbox 114 3214 179 3280; x_wconf 90' lang='lat' dir='ltr'>illis</span> <span class='ocrx_word' id='word_1_188' title='bbox 204 3215 304 3299; x_wconf 89' lang='lat' dir='ltr'>nugis</span> <span class='ocrx_word' id='word_1_189' title='bbox 321 3232 398 3281; x_wconf 89' lang='lat' dir='ltr'>esse</span> <span class='ocrx_word' id='word_1_190' title='bbox 414 3217 689 3302; x_wconf 86' lang='lat' dir='ltr'>exspectandum,</span> <span class='ocrx_word' id='word_1_191' title='bbox 714 3218 792 3284; x_wconf 96' lang='lat' dir='ltr'>mali</span> <span class='ocrx_word' id='word_1_192' title='bbox 809 3218 947 3304; x_wconf 91' lang='lat' dir='ltr'>quidem</span> <span class='ocrx_word' id='word_1_193' title='bbox 964 3222 1050 3286; x_wconf 91' lang='lat' dir='ltr'>certe</span> <span class='ocrx_word' id='word_1_194' title='bbox 1067 3219 1148 3285; x_wconf 92' lang='lat' dir='ltr'>nihil</span> 
     </span>
     <span class='ocr_line' id='line_1_27' title="bbox 114 3328 1148 3416; baseline 0.004 -23"><span class='ocrx_word' id='word_1_195' title='bbox 114 3328 431 3412; x_wconf 89' lang='lat' dir='ltr'>pertimescendum.</span> <span class='ocrx_word' id='word_1_196' title='bbox 470 3328 538 3396; x_wconf 90' lang='lat' dir='ltr'>Sed</span> <span class='ocrx_word' id='word_1_197' title='bbox 562 3331 606 3397; x_wconf 89' lang='lat' dir='ltr'>ita</span> <span class='ocrx_word' id='word_1_198' title='bbox 627 3333 687 3409; x_wconf 90' lang='lat' dir='ltr'>est,</span> <span class='ocrx_word' id='word_1_199' title='bbox 712 3331 854 3398; x_wconf 92' lang='lat' dir='ltr'>iudices:</span> <span class='ocrx_word' id='word_1_200' title='bbox 883 3336 928 3410; x_wconf 84' lang='lat' dir='ltr'>ul,</span> <span class='ocrx_word' id='word_1_201' title='bbox 953 3333 980 3397; x_wconf 91' lang='lat' dir='ltr'>si</span> <span class='ocrx_word' id='word_1_202' title='bbox 997 3332 1148 3416; x_wconf 87' lang='lat' dir='ltr'>gladium</span> 
     </span>
     <span class='ocr_line' id='line_1_28' title="bbox 112 3441 1150 3526; baseline 0.002 -20"><span class='ocrx_word' id='word_1_203' title='bbox 112 3457 216 3525; x_wconf 93' lang='lat' dir='ltr'>parvo</span> <span class='ocrx_word' id='word_1_204' title='bbox 251 3459 357 3526; x_wconf 89' lang='lat' dir='ltr'>puero</span> <span class='ocrx_word' id='word_1_205' title='bbox 388 3444 447 3507; x_wconf 90' lang='lat' dir='ltr'>aut</span> <span class='ocrx_word' id='word_1_206' title='bbox 480 3441 648 3508; x_wconf 89' lang='lat' dir='ltr'>imbecillo</span> <span class='ocrx_word' id='word_1_207' title='bbox 683 3444 756 3509; x_wconf 90' lang='lat' dir='ltr'>seni</span> <span class='ocrx_word' id='word_1_208' title='bbox 790 3446 848 3509; x_wconf 88' lang='lat' dir='ltr'>aut</span> <span class='ocrx_word' id='word_1_209' title='bbox 875 3443 978 3509; x_wconf 90' lang='lat' dir='ltr'>debili</span> <span class='ocrx_word' id='word_1_210' title='bbox 1006 3442 1150 3522; x_wconf 86' lang='lat' dir='ltr'>dederis,</span> 
     </span>
     <span class='ocr_line' id='line_1_29' title="bbox 112 3551 1149 3638; baseline 0.003 -21"><span class='ocrx_word' id='word_1_211' title='bbox 112 3551 185 3636; x_wconf 89' lang='lat' dir='ltr'>ipse</span> <span class='ocrx_word' id='word_1_212' title='bbox 216 3554 345 3638; x_wconf 90' lang='lat' dir='ltr'>impetu</span> <span class='ocrx_word' id='word_1_213' title='bbox 374 3572 438 3620; x_wconf 90' lang='lat' dir='ltr'>suo</span> <span class='ocrx_word' id='word_1_214' title='bbox 468 3555 593 3620; x_wconf 89' lang='lat' dir='ltr'>nemini</span> <span class='ocrx_word' id='word_1_215' title='bbox 622 3558 751 3635; x_wconf 90' lang='lat' dir='ltr'>noceat,</span> <span class='ocrx_word' id='word_1_216' title='bbox 786 3556 838 3621; x_wconf 90' lang='lat' dir='ltr'>sin</span> <span class='ocrx_word' id='word_1_217' title='bbox 866 3555 908 3621; x_wconf 91' lang='lat' dir='ltr'>ad</span> <span class='ocrx_word' id='word_1_218' title='bbox 937 3554 1067 3621; x_wconf 90' lang='lat' dir='ltr'>nudum</span> <span class='ocrx_word' id='word_1_219' title='bbox 1095 3555 1149 3622; x_wconf 89' lang='lat' dir='ltr'>vei</span> 
     </span>
     <span class='ocr_line' id='line_1_30' title="bbox 114 3662 1151 3753; baseline 0.006 -26"><span class='ocrx_word' id='word_1_220' title='bbox 114 3662 284 3730; x_wconf 82' lang='lat' dir='ltr'>tortissimi</span> <span class='ocrx_word' id='word_1_221' title='bbox 312 3666 373 3732; x_wconf 91' lang='lat' dir='ltr'>viri</span> <span class='ocrx_word' id='word_1_222' title='bbox 407 3684 531 3751; x_wconf 90' lang='lat' dir='ltr'>corpus</span> <span class='ocrx_word' id='word_1_223' title='bbox 561 3668 747 3747; x_wconf 88' lang='lat' dir='ltr'>accesserit,</span> <span class='ocrx_word' id='word_1_224' title='bbox 782 3667 891 3752; x_wconf 89' lang='lat' dir='ltr'>possit</span> <span class='ocrx_word' id='word_1_225' title='bbox 918 3667 988 3733; x_wconf 92' lang='lat' dir='ltr'>acie</span> <span class='ocrx_word' id='word_1_226' title='bbox 1016 3668 1089 3753; x_wconf 91' lang='lat' dir='ltr'>ipsa</span> <span class='ocrx_word' id='word_1_227' title='bbox 1117 3670 1151 3733; x_wconf 89' lang='lat' dir='ltr'>et</span> 
     </span>
     <span class='ocr_line' id='line_1_31' title="bbox 115 3775 1149 3859; baseline 0.006 -20"><span class='ocrx_word' id='word_1_228' title='bbox 115 3775 190 3840; x_wconf 88' lang='lat' dir='ltr'>ierri</span> <span class='ocrx_word' id='word_1_229' title='bbox 213 3777 340 3844; x_wconf 89' lang='lat' dir='ltr'>viribus</span> <span class='ocrx_word' id='word_1_230' title='bbox 363 3778 552 3846; x_wconf 89' lang='lat' dir='ltr'>vulnerare:</span> <span class='ocrx_word' id='word_1_231' title='bbox 584 3781 641 3859; x_wconf 87' lang='lat' dir='ltr'>sic,</span> <span class='ocrx_word' id='word_1_232' title='bbox 665 3798 741 3845; x_wconf 89' lang='lat' dir='ltr'>cum</span> <span class='ocrx_word' id='word_1_233' title='bbox 765 3779 961 3845; x_wconf 92' lang='lat' dir='ltr'>hominibus</span> <span class='ocrx_word' id='word_1_234' title='bbox 985 3780 1149 3847; x_wconf 87' lang='lat' dir='ltr'>enervatis</span> 
     </span>
     <span class='ocr_line' id='line_1_32' title="bbox 113 3889 1150 3977; baseline 0.005 -25"><span class='ocrx_word' id='word_1_235' title='bbox 113 3889 216 3971; x_wconf 94' lang='lat' dir='ltr'>atque</span> <span class='ocrx_word' id='word_1_236' title='bbox 239 3891 470 3976; x_wconf 84' lang='lat' dir='ltr'>exsanguibus</span> <span class='ocrx_word' id='word_1_237' title='bbox 494 3892 689 3958; x_wconf 89' lang='lat' dir='ltr'>consulatus</span> <span class='ocrx_word' id='word_1_238' title='bbox 713 3895 886 3977; x_wconf 92' lang='lat' dir='ltr'>tamquam</span> <span class='ocrx_word' id='word_1_239' title='bbox 911 3892 1044 3977; x_wconf 90' lang='lat' dir='ltr'>gladius</span> <span class='ocrx_word' id='word_1_240' title='bbox 1060 3894 1150 3959; x_wconf 89' lang='lat' dir='ltr'>esset</span> 
     </span>
     <span class='ocr_line' id='line_1_33' title="bbox 114 3999 1157 4090; baseline -0.001 -25"><span class='ocrx_word' id='word_1_241' title='bbox 114 3999 223 4080; x_wconf 87' lang='lat' dir='ltr'>datus,</span> <span class='ocrx_word' id='word_1_242' title='bbox 248 4003 306 4085; x_wconf 93' lang='lat' dir='ltr'>qui</span> <span class='ocrx_word' id='word_1_243' title='bbox 330 4021 389 4088; x_wconf 90' lang='lat' dir='ltr'>per</span> <span class='ocrx_word' id='word_1_244' title='bbox 412 4023 448 4070; x_wconf 91' lang='lat' dir='ltr'>se</span> <span class='ocrx_word' id='word_1_245' title='bbox 472 4022 623 4090; x_wconf 91' lang='lat' dir='ltr'>pungere</span> <span class='ocrx_word' id='word_1_246' title='bbox 647 4005 821 4072; x_wconf 92' lang='lat' dir='ltr'>neminem</span> <span class='ocrx_word' id='word_1_247' title='bbox 840 4023 1012 4090; x_wconf 84' lang='lat' dir='ltr'>umquam</span> <span class='ocrx_word' id='word_1_248' title='bbox 1020 4004 1157 4085; x_wconf 61' lang='lat' dir='ltr'>potuis-</span> 
     </span>
    </p>
   </div>
   <div class='ocr_carea' id='block_1_3' title="bbox 0 0 1334 4446">
    <p class='ocr_par' dir='ltr' id='par_1_3' title="bbox 0 0 1334 4446">
     <span class='ocr_line' id='line_1_34' title="bbox 0 0 1334 4446; baseline 0 0"><span class='ocrx_word' id='word_1_249' title='bbox 0 0 1334 4446; x_wconf 95' lang='lat' dir='ltr'> </span> 
     </span>
    </p>
   </div>
  </div>
 </body>
</html>
