2648 4446
174 322 195 387 2
426 321 496 382 PRO
514 321 543 375 P.
563 321 682 377 SESTIO
702 321 834 383 ORATIO
853 323 872 391 §
890 322 966 378 2-5.

174 529 234 597 per
261 511 412 596 optimos
440 512 531 579 viros
558 511 697 597 optimis
726 512 856 579 civibus
884 512 1068 598 periculum
1093 514 1213 580 inferre

174 624 348 702 conantur,
373 625 405 689 et
428 641 516 708 quos
536 623 718 709 lapidibus,
744 643 831 709 quos
847 625 943 706 ferro,
967 643 1055 710 quos
1070 626 1213 705 lacibus,

174 754 262 821 quos
285 736 317 802 vi
342 753 444 800 manu
469 735 576 820 copiis
592 734 704 802 delere
720 755 789 803 non
806 739 997 821 potuerunt,
1022 737 1085 804 hos
1101 741 1212 805 vestra

173 847 378 926 auctoritate,
406 850 516 914 vestra
544 848 717 933 religione,
746 850 865 915 vestris
890 851 1064 917 sententiis
1088 869 1124 917 se
1149 869 1212 936 op-

173 977 349 1045 pressuros
373 959 580 1026 arbitrantur.
626 959 700 1045 Ego
724 962 848 1040 autem,
872 961 1011 1042 iudices,
1035 963 1209 1048 quoniam,

173 1090 241 1157 qua
264 1090 348 1138 voce
372 1072 453 1138 milri
477 1073 511 1137 in
535 1071 677 1157 agendis
701 1073 816 1157 gratiis
839 1074 1211 1160 commemorandoque

174 1202 302 1264 eorum,
327 1185 385 1268 qui
409 1185 451 1250 de
475 1202 529 1250 me
553 1185 681 1269 optime
704 1185 811 1251 meriti
835 1186 923 1265 sunt,
947 1185 1113 1253 benelicio
1135 1206 1212 1252 esse
1292 1200 1295 1204 “

173 1295 336 1362 utendum
361 1296 533 1381 putabam,
558 1314 597 1363 ea
621 1314 710 1362 nunc
734 1297 781 1362 uti
805 1314 910 1382 cogor
933 1297 966 1362 in
990 1315 1105 1364 eorum
1123 1299 1211 1383 peri-

171 1409 255 1475 culis
290 1407 511 1493 depellendis,
546 1408 586 1474 iis
621 1408 836 1493 potissimum
872 1427 938 1476 vox
966 1409 1048 1475 haec
1076 1410 1210 1488 serviat,

172 1539 317 1606 quorum
346 1538 449 1606 opera
478 1519 619 1586 etmihi
648 1521 681 1585 et
706 1519 806 1587 vobis
838 1522 870 1586 et
898 1520 1027 1606 populo
1051 1520 1210 1595 Romano

172 1633 322 1700 restituta
345 1635 405 1699 est.

136 1752 154 1808 3
259 1744 299 1811 Et
333 1762 540 1829 quamquam
575 1762 594 1809 a
623 1743 665 1825 Q.
694 1744 887 1824 Hortensio,
922 1745 1107 1812 clarissimo
1137 1746 1209 1812 viro

172 1859 274 1942 atque
309 1856 600 1942 eloquentissimo,
639 1874 741 1923 causa
777 1859 828 1923 est
861 1856 897 1921 P.
933 1855 1020 1923 Sesti
1055 1860 1209 1941 perorata

172 1968 323 2054 nihilque
352 1969 394 2035 ab
423 1986 464 2034 eo
492 1968 764 2053 praetermissum
793 1970 854 2047 est,
883 1966 976 2052 quod
1004 1970 1061 2034 aut
1089 1986 1149 2052 pro
1174 1987 1210 2034 re

171 2080 307 2165 publica
330 2079 605 2166 conquerendum
629 2080 692 2146 luit
714 2083 772 2147 aut
795 2098 856 2164 pro
879 2097 937 2147 reo
954 2078 1209 2165 disputandum,

170 2195 283 2259 tamen
311 2192 489 2279 aggrediar
515 2192 558 2259 ad
587 2191 779 2268 dicendum,
808 2210 851 2258 ne
880 2211 954 2259 mea
978 2194 1206 2278 propugnatio

170 2306 200 2371 ei
230 2306 445 2391 potissimum
476 2305 624 2372 defuisse
653 2304 816 2385 videatur,
846 2323 906 2390 per
932 2323 1033 2389 quem
1059 2308 1110 2371 est
1133 2324 1207 2390 per·

169 2418 304 2497 lectum,
340 2436 382 2484 ne
416 2418 533 2484 ceteris
567 2416 697 2483 civibus
726 2415 870 2482 deesset.
920 2415 1031 2500 Atque
1061 2433 1128 2500 ego
1157 2417 1207 2480 sic

170 2532 292 2609 statuo,
317 2529 455 2607 iudices,
479 2547 498 2594 a
522 2546 576 2594 me
600 2528 633 2593 in
658 2528 720 2594 hac
740 2546 841 2593 causa
857 2529 959 2611 atque
975 2527 1040 2593 hoc
1056 2529 1207 2593 extremo

171 2640 303 2708 dicendi
331 2641 408 2710 loco
436 2641 570 2726 pietatis
598 2640 712 2724 potius
741 2657 843 2724 quam
873 2637 1092 2718 defensionis,
1122 2657 1207 2723 que=

80 2830 84 2835 ,
171 2754 270 2822 rellae
293 2772 395 2839 quam
421 2752 646 2838 eloquentiae,
672 2750 798 2819 doloris
822 2770 924 2836 quam
949 2751 1076 2836 ingenii
1093 2753 1206 2835 partes

134 2875 246 2933 resse
275 2869 459 2951 susceptas.
505 2865 619 2949 ltaque
648 2864 676 2930 si
705 2866 762 2930 aut
785 2864 893 2930 acrius
917 2882 1018 2949 egero
1042 2866 1099 2929 aut
1122 2863 1205 2929 libe-

169 2979 247 3057 rius,
276 2996 378 3062 quam
407 2978 465 3063 qui
494 2979 571 3043 ante
598 2995 652 3043 me
682 2977 845 3056 dixerunt,
874 2980 953 3063 peto
983 2994 1002 3041 a
1030 2976 1140 3055 vobis,
1169 2978 1208 3042 ut.

168 3092 298 3156 tantum
334 3091 476 3157 orationi
510 3107 606 3156 meae
641 3087 844 3167 concedatis,
879 3090 1042 3173 quantum
1080 3091 1112 3155 et
1146 3088 1206 3172 pio

169 3201 278 3269 dolori
294 3204 327 3268 et
343 3200 656 3269 iustaeiracundiae
673 3200 928 3269 concedendum
946 3201 1080 3286 putetis.
1115 3199 1205 3266 Nam

169 3332 280 3400 neque
304 3312 416 3380 ollicio
437 3313 646 3381 coniunctior
661 3313 759 3381 dolor
774 3313 863 3379 ullus
880 3331 955 3380 esse
971 3313 1083 3397 potest
1099 3328 1202 3395 quam

169 3427 223 3493 hic
246 3444 342 3493 meus
366 3427 545 3510 susceptus
568 3442 609 3490 ex
635 3425 782 3492 hominis
806 3424 848 3492 de
873 3443 927 3490 me
950 3424 1077 3508 optime
1094 3423 1201 3487 meriti

169 3539 328 3624 periculo,
363 3554 474 3622 neque
509 3535 680 3603 iracundia
714 3533 824 3622 magis
853 3534 920 3601 ulla
952 3531 1122 3601 laudanda
1152 3535 1203 3598 est

169 3668 271 3735 quam
296 3668 371 3716 mea
394 3650 601 3717 inflammata
624 3666 739 3716 eorum
765 3648 898 3727 scelere,
923 3647 980 3732 qui
1001 3664 1077 3712 cum
1095 3645 1202 3712 omni-

168 3762 233 3828 bus
257 3780 352 3828 meae
377 3761 494 3828 salutis
518 3759 752 3827 defensoribus
769 3758 894 3824 bellum
912 3775 987 3824 esse
1004 3757 1067 3823 sibi
1084 3775 1206 3842 geren·

132 3871 249 3938 adum
279 3871 518 3940 iudicaverunt.
565 3871 632 3939 Sed
656 3871 817 3957 quoniam
842 3869 985 3956 singulis
1008 3869 1203 3936 criminibus

169 3985 268 4050 ceteri
307 3984 562 4070 responderunt,
602 3983 727 4050 dicam
766 4002 841 4069 ego
876 3982 922 4049 de
957 3982 1062 4049 omni
1098 3983 1201 4047 statu
