2648 4446
163 328 205 394 66
242 385 250 401 ι
375 325 444 386 PRO
464 324 492 378 P.
512 324 632 380 SESTIO
651 325 783 385 ORATIO
802 326 820 394 ὃ
841 325 984 381 137-139.

163 520 217 583 tus
239 518 284 583 rei
303 515 458 602 publicae
475 518 720 600 praeponerent
736 517 988 601 sempiternum,
1013 516 1199 602 deligeren-

162 632 215 694 tur
231 632 344 696 autem
361 629 395 694 in
412 627 445 693 id
458 627 638 694 consilium
651 627 693 693 ab
705 628 863 695 universo
876 628 1007 714 populo
1019 628 1199 715 aditusque

162 742 197 806 in
222 741 320 807 illum
344 758 514 807 summurn
539 739 690 805 ordinem
708 741 861 806 omnium
877 741 999 808 civium
1016 742 1199 809 industriae

163 871 203 918 ac
238 853 353 919 virtuti
382 855 518 938 pateret.
564 851 725 919 Senatum
757 853 802 918 rei
831 852 985 938 publicae
1012 854 1200 934 custodem,

162 966 363 1050 praesidem,
380 967 666 1050 propugnatorem
683 964 940 1044 collocaverunt,
957 966 1058 1032 huius
1071 966 1199 1033 ordinis

162 1078 365 1144 auctoritate
394 1078 442 1142 uti
466 1077 681 1162 magistratus
704 1079 737 1142 et
760 1077 856 1161 quasi
880 1078 1051 1144 ministros
1074 1079 1200 1163 gravis-

162 1190 238 1256 simi
253 1190 388 1257 consilii
401 1207 476 1256 esse
484 1190 677 1267 voluerunt3
690 1191 844 1255 senatum
853 1192 965 1256 autem
972 1189 1199 1274 ipsumproxi-

163 1320 302 1368 morum
326 1301 482 1368 ordinum
507 1299 722 1385 splendorem
746 1301 953 1381 confirmare,
977 1300 1086 1386 plebis
1103 1302 1200 1368 liber·

94 1421 144 1478 138
162 1416 264 1480 tatem
284 1416 317 1481 et
333 1413 516 1480 commoda
532 1413 616 1479 tueri
633 1416 733 1496 atque
750 1431 873 1498 augere
885 1413 1073 1481 voluerunt.
1108 1414 1201 1481 Haec

163 1527 221 1612 qui
246 1544 309 1611 pro
332 1525 417 1593 virili
441 1529 533 1611 parte
557 1526 752 1605 detendunt,
777 1527 957 1611 optimates
978 1530 1065 1607 sunt,
1089 1527 1199 1593 cuius-

161 1657 314 1724 cumque
338 1640 416 1704 sunt
439 1638 581 1717 ordinis;
605 1639 663 1722 qui
687 1641 798 1705 autem
816 1639 996 1724 praecipue
1012 1639 1083 1706 suis
1098 1641 1200 1706 cervi·

161 1749 262 1816 cibus
291 1752 384 1816 tanta
411 1752 526 1816 munia
550 1753 652 1837 atque
675 1769 743 1816 rem
768 1751 939 1836 publicam
963 1752 1138 1829 sustinent,
1166 1752 1201 1818 hi

163 1880 300 1947 semper
323 1861 426 1928 habiti
451 1865 529 1929 sunt
553 1863 765 1948 optimatium
790 1864 968 1948 principes,
992 1865 1145 1930 auctores
1168 1866 1201 1929 et

161 1978 418 2041 conservatores
434 1975 586 2041 civitatis.
601 1974 745 2041 —Huic
762 1975 937 2042 hominum
953 1975 1068 2059 generi
1084 1975 1199 2056 fateor,

162 2089 199 2151 ut
217 2089 299 2152 ante
316 2087 394 2166 dixi,
412 2087 537 2153 multos
549 2087 769 2166 adversarios,
787 2087 950 2166 inimicos,
967 2086 1101 2153 invidos
1114 2105 1200 2167 esse,

162 2198 265 2264 multa
286 2200 430 2284 proponi
447 2200 603 2285 pericula,
627 2199 749 2266 multas
766 2199 875 2265 inferri
892 2199 1039 2279 iniurias,
1056 2218 1201 2287 magnos

162 2328 238 2376 esse
257 2311 484 2396 experiendos
500 2314 533 2378 et
545 2312 744 2378 subeundos
757 2311 906 2391 labores;
922 2312 982 2380 sed
995 2312 1077 2378 mihi
1090 2312 1201 2378 omnis

162 2423 273 2489 oratio
297 2426 349 2489 est
371 2442 446 2490 cum
470 2425 600 2502 virtute,
629 2442 698 2490 non
722 2442 798 2490 curn
822 2425 963 2504 desidia,
991 2443 1067 2491 curn
1092 2424 1199 2508 digni-

161 2535 239 2614 tate,
267 2553 337 2601 non
360 2553 437 2601 cum
459 2535 643 2621 voluptate,
667 2555 743 2602 cum
767 2537 818 2617 iis,
843 2538 901 2622 qui
925 2555 962 2602 se
983 2537 1119 2622 patriae,
1143 2536 1201 2620 qui

161 2647 232 2712 suis
265 2647 405 2728 civibus,
438 2648 496 2732 qui
524 2648 626 2728 laudi,
655 2650 712 2733 qui
737 2649 874 2733 gloriae,
904 2667 972 2715 non
997 2649 1055 2733 qui
1079 2667 1201 2716 somno

160 2761 194 2825 et
223 2761 388 2827 conviviis
421 2763 454 2827 et
481 2761 696 2828 delectationi
724 2764 823 2828 natos
858 2760 1064 2828 arbitrantur.
1113 2760 1200 2827 Nam

161 2871 190 2937 si
215 2874 272 2957 qui
301 2873 534 2958 voluptatibus
557 2873 724 2940 ducuntur
747 2877 838 2941 etse
861 2875 1017 2939 vitiorum
1038 2873 1202 2940 illecebris

161 2986 194 3049 et
226 2984 463 3069 cupiditatium
492 2985 668 3053 lenociniis
696 2986 905 3065 dediderunt,
933 2986 1058 3052 missos
1081 2985 1203 3051 iaciant

161 3097 324 3175 honores,
355 3115 397 3162 ne
425 3098 591 3182 attingant
618 3116 687 3164 rem
715 3097 895 3184 publicam,
926 3099 1094 3184 patiantur
1115 3098 1201 3165 viro·

95 3215 145 3271 139
164 3225 243 3273 rum
273 3209 408 3275 tortium
437 3208 550 3276 labore
578 3229 614 3276 se
638 3211 708 3277 otio
732 3229 795 3277 suo
819 3211 951 3296 pertrui.
997 3211 1066 3292 Qui
1089 3213 1201 3276 autem

161 3320 297 3387 bonam
321 3322 445 3387 lamam
469 3321 647 3402 bonorum,
672 3341 759 3409 quae
783 3324 855 3389 sola
878 3342 955 3390 vere
971 3322 1078 3408 gloria
1094 3323 1202 3388 nomi-

161 3435 233 3500 nari
259 3437 383 3520 potest,
413 3439 583 3520 expetunt,
612 3436 686 3502 aliis
710 3437 816 3502 otium
841 3453 1000 3519 quaerere
1023 3435 1148 3501 debent
1171 3437 1204 3500 et

160 3547 373 3633 voluptates,
398 3566 466 3613 non
484 3547 558 3613 sibi.
597 3548 797 3615 Sudandum
814 3551 864 3614 est
881 3549 921 3614 iis
937 3566 998 3633 pro
1014 3547 1202 3614 communi·

161 3658 227 3725 bus
247 3660 451 3740 commodis,
472 3660 649 3727 adeundae
666 3660 867 3739 inimicitiae,
885 3660 1083 3726 subeundae
1100 3677 1203 3745 saepe

161 3790 222 3857 pro
261 3790 295 3838 re
332 3772 467 3857 publica
495 3775 724 3858 tempestates,
758 3791 834 3839 cum
864 3773 977 3838 multis
1005 3771 1202 3852 audacibus,

160 3883 345 3971 improbis,
360 3903 618 3970 nonnumquam
636 3886 735 3953 etiam
752 3882 948 3971 potentibus
961 3883 1202 3950 dimicandum.

148 3996 252 4060 Haec
288 3997 486 4064 audiuimus
517 3997 560 4064 de
587 3997 847 4065 clarissimorum
876 3997 1022 4064 virorum
1051 3996 1202 4064 consiliis

75 4174 148 4188 -ι-
