2648 4446
362 297 432 359 neo
450 296 479 352 n.
499 295 618 352 sssno
638 294 771 355 omno
790 296 808 363 s
828 293 971 349 rra-ur.
1145 295 1187 360 69

154 490 256 568 natui,
280 488 497 556 consulamus
521 487 635 565 bonis;
663 487 857 571 praesentes
879 485 1005 550 fructus
1029 484 1188 570 neglega-

157 620 242 681 mus,
270 601 474 687 posteritatis
493 599 621 684 gloriae
645 597 839 676 serviamus,
863 596 897 662 id
922 615 997 664 esse
1021 598 1187 682 optimum

156 717 324 800 putemus,
353 713 447 798 quod
471 713 531 778 erit
553 711 785 789 rectissimum,
809 727 994 795 speremus,
1018 727 1107 794 quae
1129 728 1188 776 vo-

154 826 276 905 lumus,
294 825 364 904 sed,
381 823 474 909 quod
488 823 651 901 acciderit,
668 823 824 901 feramus,
840 822 1029 906 cogitemus
1042 821 1189 907 denique

157 955 280 1023 corpus
302 939 448 1003 virorum
471 936 605 1002 fortium
630 951 901 1020 magnorumque
920 935 1098 1000 hominum
1115 952 1190 1000 esse

157 1049 306 1130 mortale,
330 1050 432 1115 animi
455 1066 535 1115 vero
558 1050 672 1114 motus
695 1050 728 1113 et
749 1047 879 1113 virfufis
903 1046 1044 1132 gloriam
1066 1047 1189 1132 sempi-

156 1164 294 1240 ternam,
318 1180 438 1246 neque,
462 1161 549 1227 hanc
572 1160 769 1246 opinionem
794 1160 821 1225 si
845 1160 878 1225 in
903 1159 961 1226 illo
977 1160 1190 1226 sanctissimo

158 1272 301 1339 Hercule
324 1275 550 1339 consecratam
574 1272 741 1351 videmus,
765 1271 861 1337 cuius
877 1290 1016 1357 corpore
1032 1271 1190 1338 ambusto

159 1385 262 1451 vitam
286 1386 358 1451 eius
383 1387 415 1450 et
436 1386 591 1451 virtutem
615 1383 847 1449 immortalitas
864 1385 1036 1468 excepisse
1054 1383 1190 1462 dicatur,

163 1497 275 1564 minus
303 1498 534 1563 existimemus
562 1515 631 1575 eos,
667 1496 724 1581 qui
755 1496 842 1562 hanc
868 1498 994 1562 tantam
1024 1514 1093 1561 rem
1128 1514 1189 1582 pu-

158 1607 280 1674 blicam
309 1609 380 1674 suis
406 1608 557 1674 consiliis
585 1611 642 1674 aut
670 1607 843 1674 laboribus
871 1610 928 1674 aut
955 1609 1107 1674 auxerint
1134 1611 1192 1674 aut

160 1719 368 1786 defenderint
401 1722 459 1786 aut
490 1721 658 1800 servarint,
694 1738 769 1787 esse
797 1721 1187 1807 immortalemgloriam

151 1834 363 1899 consecutos!

562 1984 769 1991 ——

230 2175 297 2240 Sed
311 2195 365 2241 me
375 2179 522 2261 repente,
535 2176 674 2255 iudices,
688 2177 995 2242 defortissimorum
1007 2179 1039 2242 et
1049 2177 1190 2243 clarissi-
1211 2185 1260 2239 144

160 2304 291 2365 morum
319 2288 441 2353 civium
471 2287 633 2371 dignitate
662 2290 694 2353 et
721 2288 827 2372 gloria
851 2287 1016 2355 dicentem
1042 2291 1074 2354 et
1095 2288 1190 2374 plura

161 2398 260 2463 etiam
285 2398 393 2465 dicere
417 2403 589 2485 parantem
613 2401 745 2468 horum
770 2402 926 2486 aspectus
949 2402 983 2466 in
1000 2402 1075 2486 ipso
1091 2420 1190 2467 cursu
1253 2473 1256 2477 ,

162 2510 322 2576 orationis
350 2513 515 2598 repressit.
560 2512 669 2579 Video
693 2512 728 2578 P.
753 2512 910 2593 Sestium,
940 2531 1035 2580 meae
1063 2514 1190 2591 salutis,

160 2625 289 2689 vestrae
312 2624 527 2702 auctoritatis
552 2624 707 2709 publicae
730 2644 852 2692 causae
869 2627 1092 2704 defensorem,
1116 2644 1191 2711 pro·

157 2737 390 2819 pugnatorem,
414 2739 570 2816 actorem,
594 2756 704 2816 reum;
727 2738 829 2804 video
845 2738 934 2803 hunc
949 2738 1191 2823 praetextatum

161 2846 233 2911 eius
256 2847 362 2913 filium
387 2848 494 2915 oculis
518 2848 768 2915 lacrimantibus
792 2867 846 2915 me
869 2849 1070 2927 intuentem;
1092 2848 1194 2915 video

160 2955 1194 3040 T.Nlilonem,vindicemvestraeliberfatis,custodemsalutis

164 3086 270 3148 meae,
298 3070 487 3138 subsidium
523 3072 664 3139 afflictae
692 3074 737 3138 rei
766 3073 931 3159 publicae,
960 3075 1193 3140 exstinctorem

166 3181 341 3247 domestici
379 3183 551 3264 latrocinii,
589 3203 814 3271 repressorem
848 3186 961 3252 caedis
995 3184 1194 3264 cotidianae,

161 3293 372 3360 defensorem
406 3296 607 3382 templorum
642 3302 743 3384 atque
777 3301 950 3380 tectorum,
988 3297 1192 3384 praesidium

161 3407 281 3486 curiae,
305 3407 514 3474 sordidatum
539 3416 571 3475 et
586 3428 694 3490 reum;
716 3410 818 3478 video
833 3411 869 3476 P.
885 3409 1073 3487 Lentulum,
1097 3409 1193 3475 cuius

160 3536 224 3603 ego
259 3522 386 3605 patrem
422 3520 523 3601 deum
558 3541 596 3588 ac
630 3526 802 3608 parentem
825 3526 947 3606 ⁴statuo
974 3523 1127 3588 fortunae
1155 3540 1193 3588 ac

160 3632 306 3698 nominis
340 3634 406 3699 mei
442 3637 474 3700 et
506 3635 612 3701 fratris
647 3635 896 3721 liberommque
924 3637 1124 3715 nostrorum,
1159 3636 1191 3701 in

163 3741 226 3806 hoc
249 3744 372 3811 misero
397 3746 553 3831 squalore
577 3751 610 3813 et
632 3747 804 3814 sordibus:
833 3748 885 3813 cui
910 3748 1062 3833 superior
1084 3766 1194 3814 annus

163 3853 251 3919 idem
286 3858 318 3920 et
344 3857 472 3923 virilem
501 3861 603 3944 patris
631 3862 664 3926 et
691 3862 895 3945 praetextam
924 3860 1042 3945 populi
1070 3859 1194 3925 iudicio

160 3966 276 4049 togam
301 3966 439 4047 dederit,
464 3969 552 4036 hunc
576 3972 640 4037 hoc
664 3990 754 4037 anno
778 3972 811 4037 in
836 3971 898 4038 hac
913 3975 993 4057 toga
1010 3972 1196 4056 rogationis
