2648 4446
368 318 439 379 PRO
457 317 485 372 P.
506 316 627 373 SESTIO
646 315 779 377 ORATID
798 317 816 385 ὕ
836 315 952 374 30-32.
1142 317 1180 384 15

138 511 312 579 communi
350 508 571 576 incommodo
606 507 697 574 nulla
732 507 766 573 in
801 525 1010 593 quemquam
1046 510 1180 592 propria

141 625 330 711 ignominia
358 623 558 692 nominatim
586 622 738 689 cadebat.
790 623 864 690 Hoc
891 641 971 690 vero
999 623 1081 708 quid
1109 624 1180 690 est?

140 738 374 804 exterminabit
402 738 493 803 cives
517 735 692 809 Romanos
715 735 825 802 edicto
848 735 967 802 consul
991 754 1010 803 a
1034 736 1105 801 suis
1128 735 1180 802 dis

138 850 330 936 penatibus,
366 848 511 935 expellet
544 866 586 915 ex
619 847 734 932 patria,
770 847 906 932 deliget,
944 866 1046 933 quem
1080 849 1180 916 volet,

133 952 315 1029 'damnabit
341 965 442 1047 atque
469 960 566 1028 eiciet
594 960 817 1027 nominatim?
862 959 925 1028 Hic
953 960 981 1026 si
1016 978 1178 1045 umquam

137 1092 201 1141 vos
230 1091 301 1152 eos,
332 1073 389 1157 qui
417 1091 506 1138 nunc
530 1072 621 1152 estis,
652 1071 686 1137 in
710 1089 744 1138 re
768 1071 903 1156 publica
926 1072 997 1139 iore
1019 1075 1180 1157 putasset,

139 1186 168 1252 si
198 1185 345 1270 denique
370 1185 553 1269 imaginem
578 1183 779 1250 iudiciorum
804 1186 861 1250 aut
883 1183 1098 1251 simulacrum
1122 1184 1179 1249 ali-

139 1298 233 1383 quod
248 1282 396 1364 iuturum
413 1297 446 1363 in
463 1297 595 1364 civitate
611 1295 778 1382 reliquum
794 1295 1000 1375 credidisset,
1018 1314 1179 1381 umquam

139 1428 243 1476 ausus
274 1413 364 1477 esset
392 1412 548 1476 senatum
577 1407 619 1475 de
647 1425 682 1474 re
710 1407 845 1493 publica
871 1407 997 1487 tollere,
1029 1408 1180 1493 equitum

138 1522 368 1596 Romanorum
385 1539 503 1608 preces
519 1519 700 1605 aspernari,
724 1519 847 1586 civium
864 1519 1011 1605 denique
1027 1520 1179 1587 omnium

139 1635 239 1701 novis
262 1637 295 1700 et
317 1633 477 1700 inauditis
498 1632 617 1698 edictis
633 1631 685 1698 ius
702 1631 956 1717 libertatemque
972 1634 1180 1718 pervertere?

225 1745 296 1811 Etsi
324 1762 379 1810 me
405 1744 636 1810 attentissimis
669 1743 791 1810 animis
825 1761 957 1809 summa
981 1761 1057 1810 cum
1086 1744 1179 1810 beni·
1197 1751 1229 1807 31

138 1859 266 1944 gnitate
290 1857 423 1935 auditis,
459 1856 598 1934 iudices,
632 1859 746 1922 tamen
769 1873 895 1935 vereor,
931 1875 973 1922 ne
997 1857 1073 1942 quis
1096 1857 1180 1923 iorte

138 1973 286 2037 vestrum
310 1970 456 2049 miretur,
480 1968 563 2055 quid
587 1969 669 2035 haec
693 1987 768 2034 mea
792 1969 899 2035 oratio
918 1971 987 2036 tam
1004 1969 1107 2054 longa
1123 1972 1181 2035 aut

139 2084 208 2148 tam
237 2082 302 2148 alte
330 2081 470 2167 repetita
492 2081 583 2159 velit,
618 2084 676 2147 aut
699 2080 781 2165 quid
805 2081 847 2146 ad
871 2080 907 2145 Ρ.
932 2079 1019 2147 Sesti
1042 2100 1178 2147 causam

139 2211 268 2272 eorum,
293 2195 352 2278 qui
375 2196 452 2259 ante
468 2193 569 2258 huius
585 2193 791 2259 tribunatum
808 2211 876 2258 rem
893 2192 1063 2278 publicam
1079 2210 1178 2260 vexa·

138 2308 226 2385 runt,
251 2306 370 2372 delicta
394 2305 591 2390 pertineant.
632 2304 718 2370 Mihi
740 2308 854 2371 autem
878 2306 943 2371 hoc
966 2306 1177 2390 propositum

138 2421 190 2485 est
223 2418 413 2497 ostendere,
448 2418 563 2484 omnia
598 2416 740 2483 consilia
773 2416 809 2482 P.
841 2415 928 2484 Sesti
963 2421 1178 2503 mentemque

137 2532 241 2597 totius
267 2530 457 2597 tribunatus
485 2529 572 2596 hanc
598 2529 714 2607 tuisse,
741 2532 778 2595 ut
804 2529 947 2596 aiilictae
974 2533 1007 2596 et
1029 2530 1178 2615 perditae

138 2643 184 2709 rei
213 2642 381 2728 publicae,
416 2644 581 2728 quantum
611 2644 738 2726 posset,
766 2641 963 2709 mederetur.
1012 2641 1060 2708 Ac
1088 2642 1116 2707 si
1144 2642 1177 2707 in

138 2755 351 2841 exponendis
373 2753 570 2821 vulneribus
604 2752 670 2818 illis
697 2753 740 2818 de
768 2771 822 2819 me
851 2754 926 2839 ipso
951 2754 1045 2838 plura
1069 2753 1178 2820 dicere

138 2866 289 2946 videbor,
321 2866 556 2951 ignoscitote.
606 2864 695 2932 Nam
723 2868 756 2931 et
783 2865 874 2931 illam
902 2883 1013 2931 meam
1047 2865 1177 2932 cladem

138 2995 202 3044 vos
226 2980 259 3043 et
281 2996 401 3044 omnes
424 2977 506 3043 boni
526 2977 712 3043 maximum
730 2994 805 3043 esse
821 2977 867 3043 rei
883 2977 1039 3063 publicae
1054 2978 1177 3045 vulnus

138 3088 323 3166 iudicastis
358 3092 391 3154 et
412 3087 449 3154 P.
473 3087 603 3155 Sestius
632 3091 684 3154 est
710 3106 787 3154 reus
814 3107 882 3156 non
907 3107 981 3168 suo,
1016 3090 1076 3157 sed
1100 3109 1177 3157 meo

138 3201 293 3268 nomine:
322 3200 380 3285 qui
404 3218 480 3265 cum
504 3218 641 3267 omnem
664 3201 733 3267 vim
757 3201 809 3267 sui
833 3201 1021 3269 tribunatus
1045 3203 1078 3268 in
1102 3221 1177 3269 mea

137 3313 247 3379 salute
270 3312 529 3397 consumpserit,
553 3329 691 3379 necesse
714 3316 766 3379 est
788 3332 899 3380 meam
922 3333 1059 3382 causam
1083 3332 1176 3399 prae-

137 3425 223 3491 teriti
253 3424 417 3510 temporis
445 3441 521 3489 cum
551 3423 651 3489 huius
679 3427 846 3509 praesenti
875 3426 1073 3493 defensione
1101 3445 1176 3494 esse

137 3537 362 3604 coniunctam.

224 3650 302 3715 Erat
336 3649 437 3735 igitur
471 3649 505 3714 in
540 3649 631 3715 luctu
663 3653 817 3731 senatus,
853 3650 1031 3737 squalebat
1058 3652 1175 3719 civitas
1192 3659 1226 3715 32

138 3760 277 3846 publico
310 3761 453 3827 consilio
488 3764 581 3827 veste
615 3764 759 3840 mutata,
799 3764 927 3830 nullum
962 3767 1031 3830 erat
1064 3765 1176 3832 ltaliae

137 3870 371 3956 municipium,
406 3872 497 3938 nulla
529 3872 674 3954 colonia,
709 3874 800 3941 nulla
835 3876 1050 3961 praefectura,
1085 3877 1175 3943 nulla

136 3983 266 4057 Romae
301 3983 444 4049 societas
478 3985 704 4070 vectigalium,
739 3987 868 4053 nullum
902 3989 1087 4074 collegium
1120 3991 1212 4057 aut.
1318 4016 1321 4021 ·
