2648 4446
173 300 216 367 40
388 299 459 362 PRO
477 299 506 354 P.
526 299 650 355 SESTIO
674 299 806 361 ORATIO
824 301 843 370 ὃ
861 300 976 355 78-80.

173 490 233 556 sed
262 490 307 556 rei
339 488 493 574 publicae
521 491 591 555 iure
621 490 789 568 laesisset;
818 489 1023 575 gladiatores
1051 493 1086 556 tu
1111 492 1208 558 novi-

173 603 244 670 cios
267 620 327 687 pro
351 604 541 686 exspectata
565 603 735 669 aedilitate
758 603 957 688 suppositos
980 621 1056 668 cum
1081 604 1209 671 sicariis

173 733 191 780 e
224 733 352 781 carcere
380 714 513 781 emissis
541 718 617 780 ante
646 714 754 781 lucem
784 715 955 794 immittas,
990 717 1208 801 magistratus

172 825 299 911 templo
316 826 451 905 deicias,
467 825 605 893 caedem
622 828 803 893 maximam
820 828 932 906 facias,
949 828 1058 894 forum
1072 846 1208 914 purges,

174 943 309 1007 etcum
339 940 453 1006 omnia
479 939 512 1006 vi
540 942 573 1005 et
600 940 700 1006 armis
724 940 843 1024 egeris,
871 957 1009 1006 accuses
1033 958 1121 1020 eum,
1150 942 1208 1026 qui

174 1071 210 1118 se
239 1052 407 1138 praesidio
430 1052 597 1131 munierit,
626 1071 695 1118 non
719 1055 755 1117 ut
777 1054 810 1118 te
834 1055 1057 1136 oppugnaret,
1087 1052 1147 1119 sed
1171 1057 1210 1119 ut

173 1165 275 1232 vitam
301 1182 396 1230 suam
422 1168 539 1250 posset
561 1163 762 1231 defendere?

121 1285 155 1341 79
257 1277 359 1362 Atqui
384 1295 426 1343 ne
449 1296 490 1343 ex
513 1295 554 1342 eo
578 1276 715 1361 quidem
740 1279 892 1361 tempore
916 1277 950 1342 id
974 1277 1043 1362 egit
1066 1276 1208 1355 Sestius,

171 1392 208 1456 ut
229 1409 248 1455 a
273 1391 343 1455 suis
367 1390 516 1454 munitus
539 1390 611 1454 tuto
645 1388 679 1453 in
706 1389 779 1455 foro
804 1391 1035 1475 magistratum
1066 1392 1207 1475 gereret,

172 1519 240 1567 rem
269 1500 439 1585 publicam
468 1500 722 1566 administraret.
769 1501 883 1587 ltaque
906 1503 1008 1569 fretus
1032 1503 1207 1569 sanctitate

171 1612 359 1679 tribunatus
387 1631 463 1679 cum
494 1632 530 1679 se
559 1632 627 1679 non
659 1614 763 1680 modo
791 1617 905 1680 contra
928 1616 995 1681 vim
1020 1616 1052 1679 et
1074 1614 1208 1691 ferrum,

172 1723 231 1790 sed
266 1726 365 1791 etiam
396 1726 509 1790 contra
537 1725 640 1791 verba
668 1728 769 1810 atque
797 1727 1042 1793 interfationem
1072 1726 1208 1812 legibus

172 1837 307 1903 sacratis
346 1855 421 1903 esse
456 1840 619 1903 armatum
655 1841 795 1923 putaret,
835 1838 925 1904 venit
960 1839 994 1902 in
1028 1839 1205 1919 templum

172 1947 347 2028 Castoris
370 1948 583 2016 obnuntiavit
606 1950 751 2015 consuli:
775 1969 851 2016 cum
876 1949 988 2015 subito
1012 1968 1134 2015 manus
1152 1949 1207 2015 illa

172 2059 335 2127 Clodiana
360 2061 393 2126 in
417 2061 520 2127 caede
544 2063 666 2128 civium
691 2081 794 2147 saepe
817 2062 883 2127 iam
900 2063 1015 2128 victrix
1031 2063 1206 2141 exclamat,

171 2173 332 2252 incitatur,
357 2172 500 2251 invadit;
521 2174 682 2239 inermem
699 2177 800 2260 atque
817 2176 1017 2260 imparatum
1033 2176 1205 2243 tribunum

171 2285 226 2351 alii
254 2285 377 2371 gladiis
405 2286 611 2365 adoriuntur,
639 2288 694 2353 alii
722 2288 918 2372 fragmentis
949 2290 1144 2373 saeptorum
1174 2293 1207 2356 et

170 2400 325 2466 fustibus.
375 2399 404 2466 Α
439 2400 564 2485 quibus
598 2400 651 2465 hic
686 2399 799 2465 multis
833 2401 1028 2466 vulneribus
1058 2403 1205 2487 acceptis

170 2531 208 2579 ac
231 2512 406 2579 debilitato
429 2530 569 2596 corpore
593 2514 626 2576 et
648 2512 877 2578 contrucidato
902 2531 938 2578 se
955 2513 1075 2578 abiecit
1092 2513 1205 2579 exani-

170 2627 280 2691 matus
305 2641 415 2709 neque
438 2623 505 2689 ulla
530 2624 593 2689 alia
618 2642 651 2689 re
676 2624 717 2689 ab
742 2643 778 2689 se
801 2627 941 2691 mortem
960 2626 1023 2690 nisi
1041 2625 1204 2710 opinione

170 2737 287 2804 mortis
321 2735 459 2821 depulit.
510 2735 622 2816 Quem
657 2754 733 2802 cum
769 2737 931 2802 iacentem
967 2739 999 2802 et
1032 2737 1207 2803 concisum

171 2849 322 2934 plurimis
360 2848 555 2915 vulneribus
595 2852 743 2915 extremo
778 2850 895 2934 spiritu
930 2866 1137 2933 exsanguem
1175 2851 1209 2915 et

169 2962 357 3028 confectum
394 2959 554 3039 viderent,
600 2960 839 3046 defatigatione
878 2962 987 3045 magis
1027 2963 1060 3026 et
1097 2979 1207 3028 errore

170 3092 271 3159 quam
306 3073 534 3139 misericordia
569 3075 602 3138 et
634 3072 738 3139 modo
767 3073 950 3156 aliquando
978 3073 1117 3139 caedere
1149 3072 1206 3139 de-

116 3196 151 3251 80
170 3187 331 3252 stiterunt.
347 3185 447 3250 —Et
469 3203 605 3250 causam
631 3184 710 3250 dicit
733 3184 862 3250 Sestius
887 3184 929 3251 de
952 3186 1007 3251 vi?
1031 3185 1112 3270 quid
1137 3185 1207 3251 ita?

169 3299 248 3384 quia
281 3298 371 3365 vivit.
421 3297 464 3363 nt
498 3297 531 3362 id
567 3317 636 3364 non
670 3316 731 3364 sua
766 3298 878 3383 culpa;
914 3298 1014 3383 plaga
1050 3316 1116 3363 una
1149 3297 1206 3365 illa

169 3415 314 3478 extrema
343 3411 457 3489 defuit,
493 3429 580 3496 quae
609 3411 636 3475 si
665 3411 870 3489 accessisset,
906 3410 1071 3494 reliquum
1108 3411 1205 3494 spiri-

168 3528 239 3590 lum
275 3524 494 3590 exhausisset.
547 3521 676 3589 llccusa
704 3522 908 3589 Lentidium:
945 3540 1013 3587 non
1042 3523 1208 3607 percussit

169 3635 295 3714 locum;
328 3634 495 3702 maledic
524 3634 623 3713 Titio,
653 3634 779 3701 Sabino
807 3635 936 3701 homini
966 3633 1118 3714 Reatino,
1148 3653 1208 3701 cur

167 3751 235 3814 tam
269 3750 394 3814 temere
428 3747 619 3814 exclamarit
654 3748 813 3813 occisum.
864 3748 977 3834 lpsum
1011 3766 1091 3814 vero
1121 3746 1205 3832 quid

168 3861 327 3925 accusas?
361 3878 442 3926 num
472 3860 578 3926 defuit
605 3859 737 3944 gladiis
765 3879 846 3926 num
871 3860 1081 3945 repugnavit,
1111 3879 1205 3940 num,

168 3974 204 4037 ut
231 3971 475 4056 gladiatoribus
504 3973 658 4058 imperari
690 3972 786 4052 solet,
813 3974 934 4039 ferrum
963 3991 1032 4039 non
1056 3973 1204 4058 recepit?
