2648 4446
372 315 442 375 PRO
460 314 488 369 P.
509 314 629 371 SESTIO
648 315 782 376 ORATIO
799 315 818 384 ὃ
835 314 947 370 93-95.
1137 316 1180 382 47

140 505 221 572 viris
238 503 412 584 deserviat,
438 504 496 590 qui
513 502 657 571 solidam
675 504 810 571 laudem
826 524 1011 591 veramque
1027 507 1177 590 quaerat!

141 635 218 684 cum
242 617 325 684 sciat
347 616 417 683 duo
433 616 489 683 illa
505 617 551 682 rei
568 616 723 702 publicae
739 636 848 702 paene
863 618 941 697 tata,
965 616 1178 685 Gabinium

141 732 180 796 et
202 728 401 807 Pisonem,
429 727 568 794 alterurn
594 728 724 795 haurire
747 729 870 797 cotidie
893 748 935 796 ex
958 730 1181 815 pacatissimis

141 843 245 927 atque
259 840 527 927 opulentissimis
540 839 657 927 Syriae
673 841 767 925 gazis
784 841 1028 907 innumerabile
1045 841 1180 927 pondus

140 954 222 1033 auri,
250 953 378 1019 bellum
405 954 524 1019 inferre
552 952 816 1038 quiescentibus
852 956 888 1019 ut
911 972 1027 1020 eorum
1051 957 1180 1021 veteres

141 1064 356 1151 illibatasque
379 1064 513 1131 divitias
537 1065 571 1130 in
595 1064 898 1150 profundissimum
923 1065 1101 1132 libidinum
1125 1085 1180 1132 su-

141 1196 235 1244 arum
264 1179 432 1263 gurgitem
457 1177 647 1262 profundat,
678 1176 792 1243 villam
816 1177 993 1245 aedificare
1016 1179 1050 1243 in
1074 1178 1180 1245 oculis

141 1290 294 1357 omnium
322 1292 460 1370 tantam,
488 1291 660 1374 tugurium
690 1292 726 1356 ut
753 1290 819 1356 iam
848 1290 1001 1357 videatur
1026 1309 1102 1357 esse
1124 1291 1180 1356 illa

141 1402 229 1482 villa,
246 1421 348 1489 quam
365 1404 439 1489 ipse
455 1402 609 1469 tribunus
626 1402 670 1487 pl.
684 1404 807 1489 pictam
822 1403 902 1470 olim
917 1405 951 1469 in
964 1402 1180 1470 contionibus

141 1515 340 1600 explicabat,
375 1533 445 1602 quo
474 1515 694 1582 fortissimum
730 1533 768 1581 ac
802 1534 973 1582 summum
1008 1516 1115 1582 civem
1146 1516 1179 1580 in

140 1627 302 1695 invidiam
319 1628 424 1695 homo
439 1630 552 1694 castus
569 1645 607 1694 ac
623 1646 692 1694 non
708 1628 853 1713 cupidus
869 1630 1016 1706 vocaret;
1039 1627 1178 1693 alterum
1196 1635 1232 1690 94

139 1739 326 1806 Thracibus
342 1759 380 1807 ac
395 1740 562 1806 Dardanis
579 1741 726 1825 primum
743 1758 860 1825 pacem
878 1741 1023 1806 maxima
1037 1741 1179 1825 pecunia

140 1851 347 1931 vendidisse,
371 1851 504 1932 deinde,
528 1854 565 1918 ut
588 1851 634 1918 illi
653 1852 831 1936 pecuniam
848 1852 1012 1918 conticere
1029 1855 1178 1937 possent

140 1963 329 2030 vexandam
358 1964 400 2030 iis
424 1964 663 2031 Macedoniam
693 1967 726 2030 et
753 1964 968 2049 spoliandam
991 1964 1178 2044 tradidisse,

140 2076 360 2161 eundemque
383 2075 474 2143 bona
497 2076 699 2144 creditorum
716 2077 839 2143 civium
856 2076 1085 2150 Romanorum
1102 2095 1178 2143 cum

141 2186 354 2255 debitoribus
377 2185 514 2254 Graecis
542 2189 708 2268 divisisse,
737 2208 858 2274 cogere
886 2190 1047 2274 pecunias
1075 2190 1178 2255 maxi-

141 2318 215 2366 mas
237 2318 255 2365 a
272 2298 496 2386 Dyrrachinis,
520 2301 665 2386 spoliare
681 2300 873 2380 Thessalos,
898 2303 1020 2367 certam
1036 2300 1178 2368 Achaeis

139 2411 174 2477 in
199 2429 309 2477 annos
333 2411 488 2496 singulos
508 2414 687 2498 pecuniam
704 2413 923 2498 imperavisse
939 2431 1049 2497 neque
1065 2414 1178 2478 tamen

140 2523 210 2590 ullo
235 2524 269 2589 in
293 2523 431 2609 publico
455 2527 513 2590 aut
533 2525 694 2610 religioso
711 2525 787 2592 loco
804 2526 939 2610 signum
956 2528 1014 2591 aut
1029 2524 1178 2591 tabulam

140 2639 199 2702 aut
222 2640 457 2703 ornamentum
481 2637 671 2723 reliquisse:
702 2639 778 2706 illos
803 2640 851 2705 sic
873 2638 1022 2717 illudere,
1052 2638 1176 2724 quibus

141 2766 243 2815 omne
278 2749 483 2835 supplicium
518 2753 619 2835 atque
656 2753 767 2817 omnis
799 2751 868 2816 iure
897 2753 1040 2835 optumo
1067 2769 1177 2836 poena

140 2860 291 2941 debetur,
315 2880 405 2929 reos
430 2880 519 2929 esse
542 2863 615 2929 hos
637 2862 752 2943 duos,
777 2882 865 2948 quos
881 2862 1011 2928 videtis.
1047 2860 1177 2929 Omitto

139 2971 206 3038 iam
236 2973 446 3054 Numerium,
475 2973 666 3054 Serranum,
693 2974 837 3053 Aelium,
866 2974 1067 3060 quisquilias
1091 2974 1177 3040 sedi-

138 3084 241 3152 tionis
265 3084 467 3164 Clodianae;
501 3086 562 3153 sed
589 3089 703 3152 tamen
732 3088 766 3152 hi
795 3105 933 3172 quoque
962 3088 1061 3152 etiarn
1090 3104 1179 3152 nunc

138 3195 289 3277 volitant,
318 3201 355 3263 ut
381 3198 513 3277 videtis,
548 3217 619 3278 nec,
656 3199 736 3264 dum
764 3218 826 3265 vos
855 3200 898 3265 de
925 3199 1024 3265 vobis
1051 3197 1178 3283 aliquid

138 3308 309 3390 timebitis,
340 3310 387 3375 illi
416 3328 579 3394 umquam
609 3310 650 3376 de
679 3330 716 3377 se
745 3313 990 3396 pertimescent.
1018 3348 1061 3357 —
1090 3311 1176 3376 Nam
1194 3316 1229 3372 95

138 3420 221 3503 quid
256 3440 322 3506 ego
357 3421 399 3487 de
434 3421 564 3488 aedile
599 3423 675 3507 ipso
707 3423 835 3508 loquar,
871 3424 929 3508 qui
958 3423 1057 3489 etiam
1086 3421 1176 3487 diem

138 3531 221 3598 dixit
248 3534 281 3598 et
307 3534 477 3600 accusavit
499 3534 541 3600 de
564 3535 596 3600 vi
620 3534 808 3601 Milonem?
845 3536 965 3620 Neque
989 3534 1042 3600 hic
1064 3536 1176 3600 tamen

137 3643 205 3709 ulla
235 3663 397 3729 umquam
426 3647 545 3711 iniuria
574 3647 769 3727 adducetur,
801 3650 837 3713 ut
865 3665 943 3713 eum
971 3646 1029 3712 tali
1056 3647 1175 3713 virtute

136 3757 299 3841 tantaque
332 3758 488 3823 firmitate
522 3759 626 3824 animi
655 3778 692 3825 se
720 3759 754 3824 in
783 3778 851 3825 rem
880 3758 1049 3844 publicam
1073 3760 1177 3826 iuisse

136 3869 323 3952 paeniteat;
347 3869 408 3936 sed
432 3871 490 3955 qui
514 3871 596 3936 haec
620 3870 736 3937 vident
759 3870 1003 3951 adulescentes
1027 3889 1176 3956 quonam

136 3997 217 4045 suas
242 3982 372 4046 mentes
395 3982 587 4047 conferent?
623 3981 689 4061 Ille,
713 3984 771 4068 qui
796 3986 1017 4049 monumenta
1033 3983 1183 4066 publica,
