2648 4446
367 326 437 386 PRO
456 325 483 380 P.
504 323 625 380 SESTIO
645 322 778 384 ORATIO
797 323 816 391 ᾗ
834 321 945 377 60-62.
1133 322 1171 388 31

136 520 200 587 sed
227 519 471 606 imponendum
501 517 712 602 putaverunt,
742 514 800 599 qui
824 513 858 579 in
881 513 1039 580 contione
1064 499 1175 597 palam

137 632 279 698 dixerint
301 632 453 716 linguam
477 648 514 697 se
538 628 692 695 evellisse
714 627 760 693 Μ.
783 625 915 704 Catoni,
939 643 1027 710 quae
1044 642 1177 708 semper

137 748 251 811 contra
280 742 559 811 extraordinarias
584 741 768 826 potestates
792 739 895 806 libera
919 738 1047 804 luisset.
1094 736 1175 803 Sen-

136 856 228 935 tient,
253 859 290 923 ut
313 874 424 941 spero,
448 854 539 920 brevi
562 856 714 938 tempore
731 869 867 919 manere
884 850 1069 917 libertatem
1086 849 1175 915 illam

137 971 239 1053 atque
263 969 328 1034 hoc
352 968 462 1046 ctiam,
486 966 513 1032 si
529 966 600 1031 lieri
617 964 771 1051 potuerit,
795 981 871 1030 esse
887 964 1059 1041 maiorem,
1084 960 1175 1045 quod

137 1099 214 1147 cum
238 1080 435 1147 consulibus
458 1079 524 1145 illis
546 1078 593 1144 Μ.
618 1077 715 1157 Cato,
739 1077 839 1145 etiam
863 1095 940 1143 cum
964 1077 1030 1142 iam
1055 1074 1175 1158 despe-

137 1195 245 1259 rasset
264 1192 390 1277 aliquid
408 1191 602 1258 auctoritate
618 1208 680 1256 sua
696 1188 812 1274 proiici
828 1206 941 1273 posse,
965 1190 1078 1253 tamen
1093 1203 1176 1252 voce

137 1306 212 1391 ipsa
239 1324 278 1373 ac
301 1304 418 1372 dolore
442 1302 606 1389 pugnavit
629 1304 662 1367 et
685 1304 763 1387 post
786 1318 899 1367 meum
924 1299 1111 1366 discessum
1136 1298 1176 1363 iis

138 1417 297 1485 Pisonem
331 1417 442 1483 verbis
476 1416 562 1482 flens
596 1432 710 1481 meum
744 1416 776 1479 et
803 1414 849 1479 rei
879 1412 1034 1498 publicae
1061 1429 1176 1478 casum

137 1531 279 1610 vexavit,
310 1532 347 1595 ut
374 1528 469 1595 illum
498 1528 669 1595 hominem
699 1527 962 1612 perditissimum
991 1529 1092 1610 atque
1116 1525 1177 1590 im-

139 1642 423 1728 pudentissimum
447 1659 556 1725 paene
575 1641 641 1706 iam
659 1640 850 1725 provinciae
867 1638 1060 1724 paeniteret.
1097 1635 1177 1704 ‘Cur
1195 1643 1226 1697 61

138 1754 240 1839 igitur
263 1753 430 1838 rogationi
454 1745 596 1838 paruit?³
634 1752 742 1833 Quasi
764 1769 845 1819 vero
869 1751 924 1817 ille
947 1770 1016 1818 non
1040 1749 1074 1815 in
1095 1749 1177 1816 alias

139 1884 277 1951 quoque
301 1865 405 1950 leges,
433 1884 519 1951 quas
542 1866 665 1931 iniuste
688 1867 822 1950 rogatas
847 1866 987 1949 putaret,
1010 1863 1077 1929 iam
1101 1865 1177 1930 ante

138 1978 263 2045 iurarit!
298 1978 376 2045 Non
400 1979 497 2045 otiert
520 1996 556 2045 se
580 1977 635 2044 ille
659 1978 731 2044 istis
754 1976 1007 2055 temeritatibus,
1032 1978 1076 2054 ut,
1100 1993 1177 2042 cum

138 2091 185 2157 rei
209 2090 365 2176 publicae
388 2090 470 2156 nihil
494 2091 609 2175 prosit,
634 2109 670 2157 se
693 2090 757 2156 civi
781 2108 849 2156 rem
874 2088 1044 2174 publicam
1062 2089 1176 2174 privet.

140 2201 291 2270 Consule
319 2220 373 2268 me
401 2220 478 2267 cum
507 2204 597 2267 esset
625 2201 822 2286 designatus
849 2201 1003 2267 tribunus
1032 2201 1087 2286 pl,
1117 2200 1177 2267 ob·

138 2312 270 2380 tulitin
295 2313 472 2380 discrimen
495 2315 597 2381 vitam
621 2333 734 2380 suam:
762 2314 845 2380 dixit
868 2332 942 2379 eam
966 2313 1177 2391 sententiam,

138 2426 235 2492 cuius
259 2425 419 2492 invidiam
443 2427 562 2511 capitis
586 2427 735 2512 periculo
751 2427 815 2494 sibi
833 2427 1068 2512 praestandam
1084 2426 1177 2493 vide·

139 2537 210 2616 bat3
245 2538 328 2605 dixit
354 2540 579 2620 vehementer,
615 2539 684 2624 egit
712 2539 837 2618 acriter,
867 2557 916 2619 ca,
946 2556 1034 2623 quae
1062 2540 1176 2618 sensit,

139 2669 218 2734 prae
246 2669 282 2716 se
310 2651 394 2730 tulit,
430 2651 508 2731 dux,
538 2654 663 2730 auctor,
692 2654 784 2717 actor
811 2669 919 2717 rerum
947 2651 1077 2717 illarum
1106 2652 1176 2729 tuit,
1237 2711 1241 2718 .

139 2781 208 2829 non
236 2782 306 2848 quo
337 2763 521 2849 periculum
552 2783 651 2830 suum
680 2782 749 2831 non
776 2763 914 2843 videret,
945 2763 1004 2830 sed
1029 2764 1063 2828 in
1085 2766 1176 2830 tanta

139 2875 186 2940 rei
210 2876 364 2960 publicae
386 2879 587 2964 tempestate
612 2877 692 2942 nihil
717 2876 781 2943 sibi
806 2877 870 2942 nisi
891 2876 933 2943 de
950 2876 1075 2961 patriae
1092 2877 1176 2961 peri-

138 2987 223 3054 culis
266 2989 482 3074 cogitandum
524 2990 672 3076 putabat.
728 2989 940 3057 Consecutus
980 2991 1030 3054 est
1068 2990 1175 3073 ipsius
1194 2996 1227 3050 62

138 3100 338 3168 tribunatus.
377 3102 469 3184 Quid
493 3120 559 3188 ego
583 3103 625 3169 de
646 3103 808 3188 singulari
824 3102 1057 3188 magnitudine
1073 3101 1176 3168 animi

139 3213 213 3278 eius
236 3231 275 3280 ac
298 3213 341 3280 de
361 3214 546 3281 incredibili
561 3214 681 3282 virtute
698 3214 829 3282 dicam?
863 3214 1065 3280 Meministis
1082 3214 1176 3280 illum

139 3324 240 3405 diem,
264 3344 341 3392 cum
364 3328 492 3411 templo
516 3326 683 3412 acollega
700 3330 875 3413 occupato,
899 3328 999 3394 nobis
1016 3325 1176 3392 omnibus

139 3436 182 3502 de
208 3438 276 3505 vita
304 3439 377 3506 eius
403 3440 464 3506 viri
494 3442 526 3505 et
553 3439 634 3505 civis
662 3438 859 3504 timentibus
887 3439 960 3522 ipse
988 3437 1102 3503 animo
1124 3437 1176 3502 iir-

139 3549 293 3618 missimo
327 3552 419 3618 venit
451 3552 485 3617 in
519 3551 683 3636 templum
718 3554 752 3617 et
784 3550 964 3617 clamorem
999 3549 1175 3616 hominum

139 3664 343 3743 auctoritate,
390 3665 554 3748 impetum
601 3662 832 3748 improborum
876 3663 996 3728 virtute
1035 3661 1173 3728 sedavit.

138 3755 230 3842 Adiit
251 3779 322 3842 tum
347 3777 543 3862 periculum,
568 3775 628 3843 sed
652 3774 734 3841 adiit
757 3773 802 3841 ob
826 3791 899 3840 eam
916 3792 1064 3853 causam,
1089 3791 1176 3858 quac

138 3891 265 3973 quanta
292 3889 399 3967 tuerit,
428 3888 494 3954 iam
523 3888 605 3954 milri
634 3886 744 3953 dicere
772 3905 840 3954 non
868 3889 919 3952 est
942 3904 1089 3952 necesse.
1134 3884 1176 3951 nt

138 4001 167 4066 si
191 4000 245 4067 isti
270 3999 413 4088 Cypriae
436 4000 603 4086 rogationi
621 3999 898 4066 sceleratissimae
914 4018 987 4066 non
1000 3998 1187 4084 paruisset,
