2648 4446
182 306 224 372 22
413 305 483 365 PRO
502 305 530 359 P.
550 305 670 361 SESTIO
689 305 822 367 ORATIO
841 306 859 375 §
877 306 991 362 44-46.

181 496 375 582 accipienda
399 496 500 581 plaga
524 497 606 562 milri
623 497 794 576 sanabilis,
818 496 865 562 illi
882 497 1059 576 mortifera,
1084 496 1143 581 qui
1161 496 1226 562 im·

182 609 367 693 posuisset,
402 608 508 675 semel
542 611 648 694 perire
682 613 810 689 tamen,
845 609 987 689 iudices,
1023 609 1224 676 maluissem

183 739 284 805 quam
313 721 366 786 bis
392 721 534 787 vincere.
584 722 661 788 Erat
689 723 778 788 enim
808 721 864 787 illa
894 721 994 787 altera
1024 721 1097 787 eius
1126 721 1225 788 modi

182 834 363 912 contentio,
388 836 424 899 ut
440 853 551 919 neque
574 835 651 901 victi
675 853 785 919 neque
805 835 948 901 victores
964 852 1032 899 rem
1050 833 1224 919 publicam

183 948 295 1011 tenere
323 965 514 1031 possemus.
543 984 585 993 —
613 947 716 1028 Quid,
746 948 778 1013 si
809 948 843 1012 in
870 947 976 1033 prima
1004 946 1224 1015 contentione

181 1058 214 1123 vi
248 1058 424 1125 tribunicia
458 1060 565 1126 victus
599 1061 633 1125 in
667 1060 741 1126 foro
770 1078 846 1125 cum
875 1059 989 1124 multis
1017 1058 1116 1125 bonis
1139 1058 1224 1125 viris

182 1170 477 1237 concidissem?
516 1171 676 1238 Senatum
700 1172 868 1250 consules,
896 1171 1007 1250 credo,
1030 1173 1224 1251 vocassent,

182 1302 283 1368 quem
307 1287 415 1351 totum
440 1284 482 1350 de
505 1285 637 1351 civitate
660 1284 824 1362 delerant;
847 1284 890 1350 ad
914 1302 1005 1350 arma
1030 1277 1224 1363 vocassent,

183 1396 240 1479 qui
265 1414 307 1461 ne
330 1397 453 1462 vestitu
477 1396 614 1480 quidem
638 1396 773 1462 defendi
797 1415 866 1461 rem
890 1395 1060 1480 publicam
1082 1396 1225 1474 sissent;

183 1526 201 1573 a
229 1508 364 1574 tribuno
393 1508 436 1593 pl.
469 1511 547 1594 post
575 1509 742 1574 interitum
768 1527 881 1574 meum
905 1507 1138 1587 dissedissent,
1163 1508 1224 1593 qui

182 1620 325 1687 eandem
360 1622 477 1687 boram
511 1639 607 1687 meae
635 1622 740 1706 pestis
768 1624 801 1687 et
828 1639 965 1688 suorum
995 1620 1224 1705 praemiorum

184 1751 259 1799 esse
282 1733 479 1800 voluissent.

128 1852 164 1909 45
269 1845 383 1911 Unum
419 1847 519 1912 etiam
549 1847 630 1912 milri
658 1846 804 1912 restabat
833 1845 926 1924 illud,
962 1845 1055 1930 quod
1082 1845 1224 1912 forsitan

184 1975 356 2024 nonnemo
386 1959 435 2024 vir
462 1959 555 2025 fortis
584 1961 616 2024 et
645 1959 728 2025 acris
752 1959 855 2024 animi
879 1959 1064 2043 magnique
1087 1956 1224 2023 dixerit:

180 2051 395 2150 ‘Restitisses
408 2089 669 2156 reppugnasses,
683 2074 824 2137 mortem
838 2090 996 2156 pugnans
1009 2063 1225 2155 oppetisses?

182 2182 233 2249 De
257 2202 326 2268 quo
350 2186 392 2263 te,
416 2187 458 2263 te,
483 2184 632 2268 inquam,
659 2184 775 2268 patria,
804 2185 908 2250 testor
930 2185 963 2249 et
984 2201 1057 2261 vos,
1082 2184 1225 2267 penates

184 2297 348 2382 patriique
384 2296 453 2374 dei,
488 2315 543 2362 me
576 2298 760 2362 vestrarum
796 2295 916 2361 sedum
950 2295 1225 2380 templorumque

183 2427 295 2488 causa,
320 2429 374 2476 me
397 2411 533 2494 propter
556 2408 727 2474 salutem
753 2426 927 2474 meorum
951 2408 1111 2486 civium,
1136 2426 1225 2492 quae

185 2522 266 2588 mihi
295 2539 429 2605 semper
455 2521 517 2586 fuit
541 2539 615 2586 mea
639 2521 745 2588 carior
767 2521 844 2599 vita,
875 2520 1125 2586 dimicationem
1149 2537 1225 2588 cae·

186 2633 332 2718 demque
355 2633 494 2717 fugisse.
536 2632 669 2698 Etenim
693 2633 721 2698 si
745 2634 827 2699 mibi
851 2633 885 2698 in
909 2631 1021 2717 aliqua
1045 2650 1131 2698 nave
1146 2650 1224 2698 cum

184 2747 269 2812 meis
286 2746 402 2812 amicis
426 2746 596 2830 naviganti
614 2746 687 2825 hoc,
712 2746 850 2824 iudices,
875 2745 1060 2824 accidisset,
1077 2747 1113 2810 ut
1128 2744 1225 2811 multi

185 2877 227 2924 ex
260 2859 374 2924 multis
408 2858 490 2925 locis
519 2858 709 2944 praedones
737 2858 903 2924 classibus
931 2876 1006 2923 eam
1035 2875 1155 2923 navem
1188 2874 1225 2922 se

186 2989 409 3057 oppressuros
443 2971 682 3050 minitarentur,
718 2971 782 3037 nisi
818 2989 871 3036 me
903 2988 1007 3036 unum
1037 2969 1102 3035 sibi
1130 2968 1225 3035 dedi·

188 3083 326 3162 dissent,
355 3083 383 3148 si
411 3082 445 3148 id
473 3085 624 3150 vectores
649 3086 810 3168 negarent
832 3101 870 3149 ac
894 3101 1026 3148 mecum
1051 3081 1152 3148 simul
1174 3081 1224 3147 in·

186 3197 282 3262 terire
299 3214 400 3280 quam
418 3214 472 3261 me
488 3196 617 3263 tradere
634 3196 788 3262 hostibus
805 3195 956 3262 mallent:
980 3195 1133 3263 iecissem
1150 3194 1226 3278 ipse

186 3327 240 3374 me
275 3309 389 3394 potius
423 3309 457 3373 in
492 3308 712 3394 profundum,
748 3311 784 3374 ut
817 3311 946 3375 ceteros
980 3325 1225 3386 conservarem,

185 3440 286 3506 quam
323 3421 399 3487 illos
435 3421 501 3487 mei
528 3424 597 3487 tam
625 3421 768 3507 cupidos
798 3441 866 3488 non
896 3421 1000 3488 modo
1030 3420 1072 3486 ad
1101 3421 1225 3486 certam

184 3535 339 3612 mortem,
367 3533 428 3600 sed
452 3535 486 3599 in
511 3553 673 3619 magnum
696 3535 784 3600 vitae
808 3533 987 3600 discrimen
1011 3532 1225 3599 adducerem.

134 3654 169 3710 46
188 3645 274 3714 Cum
298 3664 378 3712 vero
401 3647 435 3711 in
459 3648 545 3713 banc
568 3647 614 3713 rei
638 3647 793 3732 publicae
818 3665 938 3712 navem
955 3646 1076 3731 ereptis
1093 3644 1225 3710 senatui
1301 3627 1304 3633 ¹

187 3758 423 3843 gubernaculis
457 3759 645 3826 fluitantem
680 3760 713 3825 in
749 3760 816 3826 alto
852 3756 1108 3843 tempestatibus
1136 3755 1225 3822 sedi·

186 3871 317 3937 tionum
341 3888 379 3937 ac
403 3870 644 3937 discordiarum
669 3875 815 3938 armatae
837 3873 888 3937 tot
909 3870 1045 3947 classes,
1070 3867 1134 3934 nisi
1158 3885 1226 3953 ego

187 4001 297 4048 essem
326 4000 414 4049 unus
438 3982 582 4064 deditus,
611 3986 801 4050 incursurae
823 3982 1024 4061 viderentur,
1048 4000 1124 4047 cum
1149 3998 1226 4065 pro-
