2648 4446
175 317 217 384 32
404 312 474 374 nuo
493 312 521 366 Ρ.
541 311 661 368 snsno
680 309 813 371 oxnno
832 310 850 378 q
868 308 979 363 ‹ra-os.

174 507 324 572 haereret
338 504 393 570 illa
411 503 515 569 nihilo
532 503 644 569 minus
661 502 706 567 rei
723 500 877 586 publicae
893 498 1082 584 turpitudo;
1106 517 1215 583 regno

176 619 265 686 enim
295 618 361 683 iam
390 615 559 702 publicato
587 614 629 681 de
660 615 735 699 ipso
760 613 889 680 Catone
918 615 986 678 erat
1009 611 1213 677 nominatim

175 732 339 814 rogatum.
379 727 482 810 Quod
506 727 613 794 illesi
638 726 858 812 repudiasset,
883 725 1054 821 dubitatis,
1079 724 1162 808 quin
1184 723 1215 789 ei

178 843 228 908 vis
252 844 342 908 esset
364 840 472 919 allata,
496 859 573 906 cum
598 840 711 905 omnia
735 841 807 905 acta
831 837 920 903 illius
937 838 1016 903 anni
1033 854 1092 921 per
1108 855 1215 903 unum

124 963 158 1019 63
176 954 270 1020 illum
294 953 484 1019 labefactari
500 952 711 1018 viderentur?
745 950 855 1034 Atque
872 951 971 1016 etiam
988 950 1053 1016 hoc
1068 948 1216 1027 videbat,

178 1067 339 1152 quoniam
373 1065 429 1132 illa
463 1067 497 1131 in
531 1084 566 1130 re
600 1064 734 1150 publica
770 1062 899 1129 macula
929 1062 1024 1147 regni
1055 1060 1216 1146 publicati

180 1181 338 1258 maneret,
373 1196 475 1263 quarn
506 1196 607 1244 nemo
641 1177 707 1243 iam
743 1178 860 1261 posset
893 1174 1015 1253 eluere,
1051 1172 1145 1258 quod
1176 1191 1218 1239 ex

179 1291 276 1358 malis
301 1291 381 1357 boni
406 1293 522 1375 posset
545 1290 579 1355 in
603 1308 671 1355 rem
696 1288 866 1374 publicam
890 1286 1073 1372 pervenire,
1098 1285 1132 1351 id
1155 1285 1217 1351 uti-

179 1404 243 1470 lius
274 1422 349 1470 esse
381 1421 439 1488 per
467 1422 503 1468 se
533 1403 722 1470 conservari
752 1419 854 1486 quam
883 1418 942 1486 per
965 1400 1059 1465 alios.
1105 1397 1219 1482 Atque

180 1516 235 1582 ille
259 1516 389 1582 etiamsi
413 1515 477 1581 alia
502 1515 661 1601 quapiam
685 1515 717 1580 vi
742 1513 962 1599 expelleretur
977 1511 1042 1578 illis
1058 1511 1218 1596 tempori·

181 1628 244 1694 bus
268 1646 309 1693 ex
332 1628 394 1692 hac
418 1626 509 1705 urbe,
533 1627 628 1693 facile
652 1628 828 1712 pateretur.
877 1626 1009 1692 Etenim
1034 1625 1092 1709 qui
1116 1641 1218 1709 supe-

183 1741 267 1806 riore
296 1757 385 1805 anno
414 1742 532 1804 senatu
557 1739 726 1817 caruisset,
756 1756 825 1823 quo
849 1739 877 1803 si
901 1742 972 1803 tum
995 1737 1134 1815 veniret,
1164 1754 1218 1801 me

182 1855 294 1918 tamen
319 1851 448 1917 socium
464 1869 602 1917 suorum
620 1852 653 1916 in
670 1869 703 1917 re
720 1850 854 1936 publica
871 1850 1089 1917 consiliorum
1104 1848 1220 1916 videre

183 1967 308 2050 posset,
338 1965 365 2028 is
389 1982 499 2048 aequo
524 1965 637 2030 animo
661 1966 733 2029 tum
757 1983 810 2030 me
834 1963 977 2048 expulso
1001 1965 1033 2028 et
1057 1979 1134 2027 meo
1159 1980 1219 2028 no·

183 2077 273 2141 mine
300 2094 376 2141 cum
406 2077 562 2142 universo
591 2078 720 2154 senatu,
755 2077 827 2141 tum
855 2075 1020 2142 sententia
1049 2092 1110 2140 sua
1139 2092 1220 2141 con·

184 2189 341 2254 demnata
369 2189 403 2255 in
434 2190 496 2258 hac
527 2188 608 2254 urbe
637 2207 712 2254 esse
740 2189 876 2273 posset?
921 2187 977 2252 llle
1004 2205 1085 2253 vero
1108 2184 1221 2252 eidem

184 2302 326 2386 tempori
355 2303 407 2366 cui
438 2320 511 2380 nos,
540 2301 692 2367 eiusdem
716 2301 827 2380 iurori,
857 2299 985 2366 eisdem
1009 2297 1219 2375 consulibus,

185 2413 313 2479 eisdem
337 2414 447 2492 minis,
477 2413 619 2492 insidiis,
650 2413 805 2497 periculis
833 2413 942 2479 cessit.
990 2413 1129 2478 Luctum
1154 2428 1221 2477 nos

185 2527 359 2592 hausimus
383 2527 555 2604 maiorem,
580 2525 731 2591 dolorem
756 2525 811 2590 ille
835 2525 937 2591 animi
960 2543 1028 2591 non
1045 2524 1221 2590 minorem.

132 2649 167 2704 64
272 2639 333 2704 His
363 2637 405 2703 de
429 2640 477 2704 tot
500 2638 669 2721 tantisque
692 2637 820 2702 iniuriis
844 2638 878 2701 in
902 2637 1024 2715 socios,
1054 2637 1088 2701 in
1113 2654 1221 2720 reges,

185 2754 219 2818 in
241 2752 390 2818 civitates
414 2750 536 2816 liberas
560 2750 738 2818 consulum
762 2749 910 2834 querella
934 2768 1009 2815 esse
1030 2749 1164 2826 debuit;
1188 2749 1222 2813 in

185 2865 257 2930 eius
285 2864 499 2948 magistratus
526 2862 629 2929 tutela
659 2881 755 2947 reges
786 2866 887 2946 atque
910 2865 1041 2928 exterae
1066 2861 1223 2927 nationes

186 2994 318 3062 semper
355 2975 497 3041 luerunt.
554 2975 689 3061 Ecquae
724 2994 790 3042 vox
825 2992 987 3058 umquam
1023 2975 1073 3039 est
1108 2971 1225 3038 audita
1264 3061 1268 3067 Ι

186 3089 384 3156 consulum?
420 3087 637 3172 Quamquam
662 3089 738 3172 quis
755 3087 894 3165 audiret,
919 3087 947 3152 si
965 3087 1110 3152 maxime
1126 3084 1223 3170 queri

185 3200 330 3267 vellent?
375 3200 427 3266 De
451 3199 576 3287 Cyprio
600 3218 678 3284 rege
702 3202 927 3284 quererentur,
956 3199 1014 3282 qui
1039 3216 1093 3263 me
1116 3198 1225 3263 civem

188 3313 280 3379 nullo
315 3332 392 3379 meo
426 3313 563 3378 crimine
596 3313 722 3396 patriae
751 3312 888 3377 nomine
916 3310 1124 3376 laborantem
1156 3327 1225 3375 non

187 3425 291 3493 modo
303 3427 447 3492 stantem
460 3443 528 3490 non
542 3423 772 3502 defenderunt,
787 3425 846 3490 sed
861 3425 1075 3491 neiacentem
1085 3421 1225 3505 quidem

187 3539 424 3623 protexerunt?
474 3536 662 3615 Cesseram,
698 3538 725 3603 si
760 3536 904 3603 alienam
941 3555 959 3600 a
995 3554 1049 3601 me
1084 3535 1225 3620 plebem

187 3651 291 3716 luisse
318 3651 428 3730 vultis,
460 3668 548 3735 quae
577 3668 645 3716 non
672 3649 743 3728 iuit,
774 3648 930 3728 invidiae,
961 3649 989 3714 si
1018 3647 1226 3714 commoveri

188 3764 302 3831 omnia
328 3762 537 3843 videbantur,
566 3762 718 3847 tempori,
749 3762 776 3827 si
804 3762 854 3827 vis
884 3760 1029 3839 suberat,
1059 3759 1172 3837 armis,
1196 3758 1225 3823 si

188 3878 331 3944 societas
355 3877 620 3960 magistratuum,
645 3874 803 3961 pactioni,
828 3875 855 3940 si
880 3873 1065 3958 periculum
1089 3872 1225 3949 civium,

138 3999 172 4054 65
188 3992 235 4057 rei
255 3989 424 4074 publicae.
463 3988 540 4067 Cur,
565 4006 641 4055 cum
665 3987 707 4053 de
730 3987 839 4073 capite
862 3987 944 4053 civis
969 3985 1052 4072 (non
1076 3983 1228 4067 disput0,
