2648 4446
185 312 225 378 10
412 311 483 373 PRO
501 311 529 366 P.
550 312 670 369 SESTIO
689 312 823 373 ORATIO
841 314 860 382 §
881 313 990 368 19-22.

181 501 314 568 medius
351 502 453 568 lidius
491 501 642 586 collegae
681 501 732 568 sui
771 502 946 569 libidinem
981 503 1221 588 levitatemque

180 613 324 699 franget3
355 614 493 680 habebit
520 618 658 681 senatus
686 615 720 681 in
749 616 838 681 hunc
865 634 1002 694 annum,
1037 634 1139 701 quem
1168 633 1220 682 se·

181 729 315 810 quatur3
338 745 407 794 non
431 727 537 793 deerit
552 729 667 794 auctor
682 730 715 793 et
730 727 799 793 dux
814 722 937 793 bonis?
970 727 1055 793 Mihi
1072 727 1221 812 denique

180 839 336 905 homines
349 840 528 925 praecipue
540 839 802 924 gratulabantur,
816 839 908 924 quod
923 840 1097 906 habiturus
1108 858 1220 907 essem

181 953 295 1017 contra
319 951 490 1017 tribunum
507 951 551 1037 pl.
569 951 733 1017 furiosum
750 954 783 1017 et
799 950 963 1017 audacem
980 970 1056 1017 curn
1074 952 1219 1017 amicum

182 1066 215 1129 et
237 1063 384 1143 ailinem,
407 1067 479 1130 tum
504 1065 605 1129 etiam
628 1064 748 1130 fortem
772 1066 805 1130 et
828 1082 964 1148 gravem
989 1065 1175 1131 consulem.

131 1182 166 1238 20
268 1175 379 1260 Atque
403 1194 519 1242 eorum
544 1176 636 1242 alter
658 1175 774 1242 lelellit
796 1177 976 1242 neminem.
1020 1176 1106 1256 Quis
1129 1178 1220 1243 enim

181 1289 312 1355 clavum
334 1289 418 1354 tanti
434 1288 564 1373 imperii
580 1291 694 1354 tenere
710 1291 743 1354 et
758 1288 986 1372 gubernacula
1002 1290 1048 1354 rei
1065 1289 1221 1374 publicae

181 1404 318 1467 tractare
334 1401 367 1466 in
385 1401 533 1467 maximo
548 1417 647 1466 cursu
664 1419 703 1467 ac
717 1400 876 1467 fluctibus
892 1419 995 1486 posse
1012 1402 1223 1468 arbitraretur

181 1514 354 1579 hominem
379 1531 547 1579 emersum
568 1513 681 1579 subito
699 1532 740 1579 ex
755 1513 921 1580 diuturnis
936 1514 1084 1580 tenebris
1100 1514 1221 1581 lustro-

182 1643 254 1690 rum
279 1645 318 1692 ac
342 1628 544 1710 stuprorum,
572 1626 652 1692 vino
677 1627 806 1712 ganeis,
834 1627 1010 1693 lenociniis
1034 1626 1221 1692 adulteriis-

182 1755 248 1822 que
283 1738 482 1817 conlectum,
518 1755 593 1804 curn
629 1738 657 1803 is
692 1740 823 1823 praeter
856 1756 952 1823 spem
987 1740 1021 1804 in
1056 1740 1222 1805 altissimo

182 1849 288 1934 gradu
323 1850 442 1916 alienis
478 1850 602 1935 opibus
634 1851 766 1935 positus
796 1852 896 1928 esset,
932 1851 990 1934 qui
1019 1869 1086 1916 non
1117 1851 1223 1918 modo

182 1966 417 2048 tempestatem
441 1963 695 2048 impendentem
720 1962 839 2029 intueri
862 1963 1077 2041 temulentus,
1102 1962 1223 2030 sedne

129 2085 161 2140 21
183 2075 292 2142 lucem
309 2075 447 2161 quidem
464 2074 634 2141 insolitam
651 2075 800 2160 aspicere
817 2075 958 2159 posset?
969 2113 1011 2121 —
1023 2075 1122 2142 Alter
1138 2076 1223 2141 mul-

181 2192 236 2255 tos
252 2188 351 2274 plane
370 2188 403 2253 in
422 2205 542 2254 omnes
559 2191 670 2274 partes
686 2188 811 2254 lelellit.
840 2187 918 2254 Erat
935 2189 1025 2254 enim
1045 2188 1222 2254 hominum

183 2301 337 2386 opinioni
366 2300 540 2367 nobilitate
568 2301 652 2386 ipsa,
682 2300 807 2367 blanda
836 2299 1104 2378 conciliatricula,
1132 2318 1223 2366 com-

184 2413 373 2479 mendatus.
424 2411 555 2479 Omnes
590 2412 672 2479 boni
704 2430 838 2496 semper
865 2409 1031 2476 nobilitati
1058 2410 1223 2490 lavemus,

184 2529 216 2592 et
243 2525 323 2610 quia
351 2524 431 2591 utile
459 2525 583 2590 estrei
611 2523 767 2610 publicae
795 2522 928 2589 nobiles
956 2523 1112 2588 homines
1147 2541 1223 2588 esse

184 2638 308 2723 dignos
325 2636 509 2703 maioribus
526 2638 607 2715 suis
625 2639 658 2702 et
674 2635 753 2720 quia
768 2635 858 2702 valet
874 2635 964 2720 apud
982 2653 1046 2700 nos
1058 2635 1222 2701 clarorum

184 2751 360 2816 hominurn
391 2751 423 2814 et
449 2748 537 2814 bene
560 2748 603 2814 de
626 2767 660 2814 re
684 2747 820 2832 publica
844 2748 1036 2813 meritorum
1061 2747 1224 2813 memoria

184 2864 284 2929 etiam
316 2865 535 2929 mortuorum.
586 2861 676 2942 Quia
704 2861 831 2927 tristem
860 2879 1003 2945 semper,
1038 2860 1117 2945 quia
1145 2860 1223 2925 taci-

184 2978 329 3053 turnum,
360 2975 439 3059 quia
468 2974 707 3040 subhorridum
735 2976 836 3058 atque
866 2972 1028 3039 incultum
1052 2972 1223 3050 videbant,

185 3090 218 3153 et
240 3086 333 3172 quod
358 3089 428 3153 erat
450 3104 492 3153 eo
516 3087 664 3166 nomine,
689 3089 725 3152 ut
742 3087 935 3171 ingenerata
951 3086 1097 3151 familiae
1113 3085 1224 3170 truga-

185 3200 260 3265 litas
282 3198 459 3278 videretur,
482 3199 641 3265 iavebant
657 3197 874 3285 [gaudebant]
892 3200 925 3264 et
940 3197 982 3264 ad
1000 3197 1224 3281 integritatem

186 3313 351 3379 maiorum
376 3331 437 3397 spe
461 3330 521 3378 sua
546 3313 719 3378 hominem
742 3311 910 3378 vocabant
933 3310 1072 3376 materni
1092 3308 1225 3392 generis

137 3431 172 3487 22
191 3424 296 3490 obliti.
334 3423 408 3508 Ego
432 3425 544 3490 autem
570 3422 660 3508 (vere
684 3423 804 3503 dicam,
829 3421 971 3506 iudices)
995 3422 1125 3485 tantum
1150 3437 1225 3485 esse

187 3538 221 3602 in
238 3537 376 3603 homine
393 3536 536 3616 sceleris,
553 3536 725 3614 audaciae,
742 3534 957 3612 crudelitatis,
974 3534 1138 3616 quantum
1152 3531 1226 3615 ipse

186 3666 263 3714 curn
288 3648 479 3734 republica
504 3648 605 3727 sensi,
630 3665 816 3732 numquam
834 3645 962 3731 putavi3
986 3661 1133 3728 nequam
1151 3661 1227 3709 esse

187 3761 360 3827 hominem
395 3763 428 3826 et
461 3760 569 3827 levem
603 3762 637 3826 et
667 3759 751 3826 laisa
786 3759 948 3843 opinione
978 3756 1155 3822 hominum
1184 3754 1227 3821 ab

188 3872 416 3939 adulescentia
440 3871 715 3940 commendatum
741 3870 899 3938 sciebam.
938 3869 1070 3935 Etenim
1094 3869 1227 3934 animus

190 3985 414 4063 eiustvultu,
435 3985 563 4070 flagitia
598 3984 782 4070 parietibus
813 3982 1021 4068 tegebantur,
1057 3979 1116 4047 sed
1146 3980 1228 4045 haec
