2648 4446
195 327 237 392 64
413 324 482 384 PRO
502 323 529 377 P.
550 323 669 379 SESTIO
689 323 821 383 ORATIO
841 323 859 391 ᾧ
880 323 1021 378 129-131.

196 533 297 581 causa
321 516 555 592 convenerant,
579 517 757 598 agerentur
778 514 914 598 gratiae,
936 515 1037 599 atque
1061 516 1097 580 ut
1113 514 1235 594 eidem,

199 626 240 692 ad
273 644 325 692 res
353 626 531 692 redeuntes
554 629 591 693 ut
613 627 773 708 venirent,
801 628 1005 710 rogarentur.
1051 626 1145 694 Haec
1168 630 1238 693 erat

201 738 388 804 studiorum
413 739 445 803 in
470 757 545 804 mea
569 738 676 804 salute
692 739 872 817 contentio,
897 741 933 803 ut
955 739 988 817 ii,
1006 739 1064 824 qui
1079 757 1099 804 a
1115 742 1235 806 senatu

200 850 242 916 de
266 869 319 916 me
336 850 550 934 rogabantur,
572 850 681 917 eidem
699 851 829 916 senatui
846 868 907 935 pro
923 869 977 916 me
994 851 1234 935 supplicarent!

134 971 183 1026 130
200 1001 243 1009 —
269 961 379 1047 Atque
408 963 452 1028 ita
480 963 512 1028 in
541 963 593 1029 his
623 963 723 1029 rebus
751 980 839 1028 unus
867 964 918 1029 est
945 962 1040 1030 solus
1067 964 1234 1043 inventus

200 1075 257 1159 qui
290 1074 332 1140 ab
361 1074 423 1141 hac
449 1077 517 1140 tarn
546 1075 700 1160 impensa
726 1074 899 1141 voluntate
926 1074 1094 1142 bonorum
1122 1076 1233 1160 palam

199 1186 386 1265 dissideret,
414 1190 450 1252 ut
477 1188 577 1253 etiam
602 1187 644 1268 Q.
668 1186 857 1253 Metellus
884 1186 1039 1266 consul,
1071 1187 1129 1272 qui
1154 1188 1234 1253 mihi

200 1297 255 1366 vel
290 1300 436 1365 maxime
470 1318 511 1365 ex
545 1300 678 1384 magnis
705 1299 979 1366 contentionibus
1006 1299 1053 1365 rei
1079 1298 1235 1384 publicae

202 1411 320 1477 luisset
348 1412 513 1490 inimicus,
542 1411 584 1477 de
613 1429 689 1477 mea
712 1411 820 1478 salute
843 1411 1011 1478 rettulerit.
1056 1411 1124 1492 Qui
1149 1412 1235 1478 exci-

203 1525 291 1589 tatus
314 1542 389 1590 cum
415 1542 547 1589 summa
572 1525 765 1591 auctoritate
789 1527 936 1603 senatus,
962 1527 1034 1590 tum
1057 1522 1093 1588 P.
1117 1522 1234 1590 Servili

205 1635 389 1702 incredibili
413 1635 560 1720 quadam
584 1636 744 1720 gravitate
768 1636 911 1714 dicendi,
936 1654 1012 1702 curn
1036 1634 1091 1702 ille
1115 1653 1235 1701 omnes

200 1766 306 1833 prope
329 1748 372 1814 ab
388 1748 500 1814 inieris
517 1751 691 1814 evocasset
706 1747 862 1814 Metellos
879 1751 911 1814 et
927 1748 969 1814 ad
986 1735 1075 1814 illius
1091 1748 1234 1833 generis,

202 1860 295 1945 quod
319 1859 383 1925 sibi
406 1878 482 1925 cum
507 1878 549 1926 eo
565 1878 746 1926 commune
762 1863 861 1939 esset,
885 1861 1082 1945 dignitatern
1100 1861 1235 1946 propin-

202 1972 259 2056 qui
284 1972 335 2037 sui
359 1975 505 2037 mentem
523 1991 541 2037 a
558 1971 734 2038 Clodianis
750 1973 931 2039 latrociniis
947 1972 1129 2039 reflexisset
1144 1990 1236 2038 cum-

206 2102 272 2168 que
311 2102 387 2150 eum
426 2084 469 2150 ad
508 2085 683 2151 domestici
719 2086 863 2171 exempli
898 2086 1095 2154 memoriam
1128 2087 1162 2150 et
1194 2084 1236 2150 ad

206 2196 375 2264 Numidici
392 2197 481 2263 illius
492 2197 619 2264 Metelli
636 2215 751 2264 casum
768 2197 821 2264 vel
834 2197 1019 2282 gloriosum
1032 2197 1085 2263 vel
1101 2215 1236 2282 gravem

202 2312 431 2389 convertisset,
447 2311 684 2377 collacrimavit
698 2311 748 2377 vir
763 2311 920 2394 egregius
935 2328 974 2376 ac
989 2327 1066 2376 vere
1081 2308 1238 2375 Metellus

202 2424 379 2505 totumque
414 2441 450 2488 se
478 2422 512 2487 P.
542 2421 682 2489 Servilio
717 2422 838 2488 dicenti
867 2422 967 2487 etiam
995 2425 1066 2486 tum
1093 2419 1238 2497 tradidit,

206 2552 267 2600 nec
310 2534 400 2599 illam
439 2534 587 2600 divinam
626 2536 821 2619 gravitatem
860 2533 994 2619 plenam
1034 2532 1239 2618 antiquitatis

206 2646 333 2712 diutius
361 2646 466 2713 homo
497 2646 649 2712 eiusdem
677 2647 852 2731 sanguinis
879 2647 989 2732 potuit
1016 2646 1180 2712 sustinere
1207 2647 1240 2710 et

208 2776 340 2824 mecum
364 2758 488 2824 absens
511 2759 677 2825 beneficio
700 2776 764 2824 suo
785 2758 881 2824 rediit
896 2759 930 2822 in
947 2757 1097 2841 gratiam.
1135 2756 1239 2837 Quod

205 2874 301 2950 certe,
335 2873 362 2938 si
393 2875 444 2938 est
467 2872 570 2957 aliqui
594 2889 715 2937 sensus
739 2872 772 2936 in
796 2873 902 2936 morte
926 2870 1170 2955 praeclarorum
1192 2869 1239 2936 vi·

207 3001 333 3060 rorum,
368 3001 444 3049 cum
479 2983 638 3049 omnibus
671 2982 827 3060 Metellis,
861 2985 932 3048 tum
966 2999 1046 3048 vero
1080 2981 1138 3046 uni
1168 2981 1241 3047 viro

205 3096 392 3161 fortissimo
421 3098 454 3161 et
481 3097 768 3181 praestantissimo
798 3095 860 3160 civi
887 3094 1125 3179 gratissimum,
1154 3093 1241 3158 tratri

206 3227 279 3289 suo,
316 3209 403 3287 iecit,
440 3209 533 3275 socio
564 3208 729 3286 laborum,
763 3207 997 3293 periculorum,
1024 3205 1240 3272 consiliorum

205 3340 367 3388 meorum.

145 3441 191 3496 131
298 3433 438 3507 Reditus
460 3451 539 3499 vero
563 3451 659 3498 meus
676 3433 733 3518 qui
749 3432 856 3510 luerit,
872 3433 948 3515 quis
964 3430 1117 3515 ignorat?
1140 3447 1241 3514 quern

207 3545 250 3611 ad
280 3545 420 3611 modum
445 3545 525 3611 mihi
550 3545 740 3611 advenienti
763 3547 935 3628 tamquam
959 3543 1083 3609 totius
1107 3540 1243 3606 ltaliae

210 3661 310 3742 atque
345 3658 452 3743 ipsius
480 3658 605 3743 patriae
633 3656 781 3722 dextram
809 3656 1013 3741 porrexerint
1040 3652 1243 3731 Brundisini,

214 3791 290 3838 cum
319 3772 402 3857 ipsis
425 3771 534 3837 Nonis
557 3769 738 3837 Sextilibus
767 3769 856 3835 idem
886 3768 958 3834 dies
985 3767 1150 3833 adventus
1177 3765 1243 3831 mei

209 3885 329 3950 luisset
346 3883 539 3967 reditusque
556 3882 684 3963 natalis,
708 3881 798 3947 idem
815 3880 1006 3946 carissimae
1024 3879 1124 3957 iiliae,
1141 3895 1243 3963 quam

213 4015 255 4062 ex
281 3996 486 4080 gravissimo
512 3998 583 4060 tum
612 3995 756 4079 primum
784 3991 952 4058 desiderio
979 3992 1138 4076 luctuque
1164 4007 1244 4055 con-
