2648 4446
186 331 229 396 30
416 328 486 390 nuo
505 329 533 383 Ρ.
553 328 672 383 sesno
692 327 825 387 ounno
845 328 862 396 s
880 326 995 382 sa-oo.

186 520 370 585 vehemens
403 519 466 584 luit
499 521 531 584 et
565 520 760 585 acerrimum
796 519 927 585 hostem
962 519 1064 584 huius
1094 516 1226 602 imperii

186 630 412 697 Mithridatem
437 631 573 716 pulsum
597 632 707 697 Ponto
731 632 855 716 opibus
879 632 950 696 suis
974 648 1149 716 regnoque
1167 630 1225 697 de-

185 743 291 810 lendit
314 746 347 809 et
370 762 388 808 a
412 744 446 808 L.
463 743 612 823 Lucullo,
636 761 772 810 summo
794 744 865 810 viro
890 745 991 827 atque
1011 743 1224 829 imperatore,

186 856 305 941 pulsus
333 856 447 922 animo
473 859 587 923 tamen
617 856 730 922 hostili
758 874 834 922 cum
858 855 996 940 reliquis
1020 856 1090 921 suis
1114 856 1224 941 copiis

185 970 218 1033 in
247 969 385 1054 pristina
413 971 524 1034 mente
554 969 693 1035 mansit:
728 969 817 1034 hunc
846 967 907 1035 Cn.
932 967 1116 1054 Pompeius
1144 986 1222 1034 cum

185 1082 219 1146 in
255 1082 325 1147 suis
359 1083 474 1148 eastris
508 1081 695 1166 supplicem
730 1081 898 1147 abiectum
932 1080 1082 1159 vidisset,
1121 1081 1227 1147 erexit

186 1196 287 1279 atque
304 1195 436 1279 insigne
452 1195 592 1278 regium,
610 1193 702 1278 quod
720 1193 775 1259 ille
792 1193 833 1259 de
850 1194 1034 1278 suocapite
1048 1194 1225 1273 abiecerat,

185 1308 336 1393 reposuit
370 1309 403 1372 et
432 1307 528 1373 certis
556 1306 656 1372 rebus
684 1306 855 1391 imperatis
878 1323 1017 1390 regnare
1040 1306 1138 1372 iussit
1162 1322 1226 1372 nec

186 1421 297 1486 minus
321 1422 354 1485 et
377 1419 441 1485 sibi
465 1422 497 1485 et
520 1420 597 1485 huic
620 1420 761 1504 imperio
785 1417 972 1503 gloriosum
998 1418 1128 1503 putavit
1142 1437 1224 1486 con-

132 1540 167 1596 59
186 1533 337 1598 stitutum
373 1551 392 1597 a
420 1549 456 1598 se
484 1550 597 1617 regem
622 1549 724 1616 quam
748 1531 963 1598 constrictum
986 1530 1102 1596 videri.
1148 1531 1223 1611 Hic,

185 1646 243 1730 qui
277 1644 403 1710 bellum
438 1645 562 1723 intulit,
596 1644 716 1729 gessit,
751 1644 809 1728 qui
844 1645 876 1708 et
910 1645 985 1727 ipse
1019 1643 1127 1710 hostis
1162 1643 1226 1709 luit

185 1757 302 1843 populi
325 1756 469 1830 Romani
497 1759 529 1822 et
557 1757 752 1823 acerrimum
781 1757 914 1822 hostem
945 1756 979 1820 in
1007 1773 1149 1840 regnum
1174 1774 1223 1824 re-

184 1871 281 1954 cepit,
307 1870 365 1954 qui
389 1869 547 1949 conflixit,
571 1870 629 1953 qui
654 1869 750 1954 signa
769 1868 919 1947 contulit,
944 1869 1001 1952 qui
1018 1868 1061 1934 de
1077 1868 1221 1953 imperio

185 1999 292 2067 paene
320 1982 465 2061 certavit,
500 1984 617 2073 regnat
644 1981 745 2048 hodie
774 1984 807 2046 et
834 1980 1000 2047 amicitiae
1028 1998 1154 2047 nornen
1185 1999 1225 2047 ac

185 2096 363 2175 societatis,
393 2094 485 2180 quod
514 2096 614 2162 armis
641 2094 790 2174 violarat,
820 2093 854 2159 id
883 2095 1038 2180 precibus
1068 2098 1119 2162 est
1142 2113 1222 2161 con-

184 2211 333 2274 secutus:
357 2208 412 2273 ille
429 2207 573 2294 Cyprius
597 2208 707 2287 miser,
732 2209 789 2292 qui
814 2225 948 2292 semper
971 2208 1110 2287 amicus,
1134 2225 1222 2274 sem·

184 2338 243 2405 per
265 2321 378 2387 socius
401 2317 472 2399 luit,
496 2319 539 2384 de
563 2338 632 2404 quo
653 2320 744 2385 nulla
761 2337 922 2403 umquam
940 2321 1090 2404 suspicio
1106 2319 1221 2386 durior

185 2436 242 2499 aut
264 2433 306 2498 ad
331 2435 484 2499 senatum
509 2435 567 2497 aut
589 2432 632 2498 ad
656 2434 873 2517 imperatores
889 2431 989 2497 allata
1007 2435 1141 2499 nostros
1158 2435 1220 2511 est,

184 2546 291 2624 vivus,
326 2548 363 2611 ut
390 2546 493 2624 aiunt,
529 2547 579 2610 est
608 2547 641 2610 et
668 2544 788 2610 videns
818 2562 894 2609 cum
923 2545 1013 2610 victu
1037 2563 1076 2610 ac
1097 2545 1221 2611 vestitu

185 2677 248 2725 suo
277 2658 477 2744 publicatus.
523 2658 594 2736 Em,
629 2676 686 2723 cur
713 2658 812 2723 ceteri
841 2675 938 2741 reges
967 2657 1121 2723 stabilem
1146 2675 1223 2723 esse

184 2789 280 2838 suam
314 2773 481 2837 fortunam
517 2769 727 2850 arbitrentur,
766 2788 842 2835 cum
878 2770 941 2835 hoe
976 2769 1065 2835 illius
1098 2769 1222 2836 funesti

184 2885 262 2950 anni
294 2884 428 2969 prodito
455 2883 611 2968 exemplo
634 2883 770 2948 videant
793 2901 853 2966 per
874 2882 1046 2947 tribunum
1070 2882 1219 2966 aliquem

184 3000 217 3062 et
239 2999 410 3062 sescentas
433 3014 553 3081 operas
578 3013 614 3061 se
636 2996 778 3062 lortunis
803 2994 938 3080 spoliari
955 2997 987 3060 et
1005 3012 1110 3079 regno
1128 2995 1222 3060 omni

183 3126 286 3194 posse
310 3108 444 3174 nudari!

130 3231 165 3286 60
267 3220 310 3287 ht
326 3222 425 3287 etiam
443 3239 485 3288 eo
502 3221 640 3305 negotio
651 3220 701 3285 M.
715 3219 860 3286 Catonis
875 3219 1091 3305 splendorem
1109 3237 1222 3285 macu-

182 3335 248 3402 lare
278 3334 457 3401 voluerunt
484 3332 601 3418 ignari,
631 3332 712 3418 quid
742 3333 897 3417 gravitas,
931 3332 1012 3417 quid
1037 3331 1221 3416 integritas,

182 3446 264 3532 quid
296 3445 496 3531 magnitudo
524 3446 637 3524 animi,
667 3445 749 3530 quid
777 3445 924 3530 denique
953 3445 1058 3511 virtus
1085 3443 1221 3522 valeret,

183 3578 270 3645 quae
293 3560 327 3624 in
349 3561 548 3643 tempestate
572 3576 672 3625 saeva
696 3558 808 3642 quieta
833 3559 883 3622 est
906 3558 938 3621 et
961 3556 1049 3622 lucet
1072 3556 1106 3621 in
1129 3558 1222 3621 tene·

182 3671 250 3737 bris
274 3673 306 3736 et
329 3671 426 3756 pulsa
449 3671 526 3737 loco
549 3672 662 3736 manet
683 3673 796 3736 tamen
818 3671 919 3754 atque
936 3670 1049 3736 haeret
1065 3668 1099 3734 in
1115 3667 1223 3753 patria

181 3782 405 3868 splendetque
433 3800 492 3866 per
519 3801 595 3848 sese
623 3799 756 3868 semper
778 3798 890 3866 neque
913 3782 1032 3848 alienis
1057 3798 1221 3864 umquam

182 3894 338 3961 sordibus
362 3894 554 3961 obsolescit.
600 3894 678 3961 Non
702 3894 748 3960 illi
771 3893 960 3960 ornandum
977 3892 1025 3958 Μ.
1044 3892 1222 3971 Catonern,

176 4007 240 4071 sed
254 4006 487 4091 relegandum,
506 4024 567 4074 nec
583 4006 629 4072 illi
646 4006 926 4072 committendum
939 4004 1021 4072 illud
1035 4003 1222 4090 negotium,
