2648 4446
312 1099 382 1202 ll.
420 1099 610 1204 TULLI
651 1097 1007 1216 ClCEROlvlS

169 1410 172 1417 ,
238 1303 377 1405 PRO
422 1306 468 1397 Ρ.
512 1304 756 1399 SESTIO
800 1305 1083 1406 ORaxlo.

232 1729 266 1796 Si
302 1731 378 1814 quis
413 1732 520 1809 antea,
559 1730 698 1810 iudices,
734 1731 924 1810 mirabatur,
964 1731 1045 1816 quid
1081 1735 1212 1812 esset‚1

140 1841 237 1927 quod
267 1860 328 1927 pro
356 1843 456 1910 tantis
486 1843 610 1928 opibus
638 1844 683 1909 rei
708 1842 864 1928 publicae
887 1846 1047 1928 tantaque
1071 1843 1180 1929 digni-

138 1957 209 2020 tate
238 1933 379 2041 ‘imperii
418 1973 635 2039 nequaquam
671 1955 752 2021 satis
787 1955 882 2021 multi
916 1955 1006 2022 cives
1039 1955 1114 2022 forti
1149 1958 1182 2022 et

142 2083 272 2152 magno
301 2067 414 2133 animo
442 2067 679 2145 invenirentur,
711 2068 768 2152 qui
793 2065 954 2133 auderent
978 2085 1014 2133 se
1038 2069 1070 2134 et
1093 2067 1180 2134 salu·

143 2179 210 2243 tem
244 2196 339 2244 suam
368 2179 402 2243 in
432 2177 610 2244 discrimen
640 2179 757 2245 offerre
788 2196 848 2263 pro
873 2180 960 2244 statu
984 2179 1125 2246 civitatis
1149 2182 1182 2246 et

136 2308 201 2374 pro
230 2291 403 2356 communi
427 2290 588 2370 libertate,
613 2291 642 2356 is
659 2291 722 2357 hoc
737 2293 889 2376 tempore
906 2291 1042 2357 miretur
1057 2292 1180 2377 potius,

136 2402 168 2467 si
207 2419 310 2486 quem
345 2403 473 2470 bonum
509 2405 542 2468 et
575 2403 694 2471 fortem
723 2405 830 2470 civem
858 2403 987 2481 viderit,
1023 2422 1124 2489 quam
1153 2405 1181 2470 si

136 2531 246 2598 quem
272 2517 330 2582 aut
352 2514 507 2580 timidum
532 2518 590 2581 aut
613 2516 676 2581 sibi
702 2517 815 2601 potius
839 2534 940 2601 quam
963 2515 1181 2601 reipublicae

136 2626 388 2694 consulentem.
438 2628 525 2694 Nam
562 2631 597 2695 ut
625 2629 786 2695 omittatis
816 2627 859 2694 de
888 2629 1181 2714 uniuscuiusque

136 2757 221 2805 casu
248 2738 432 2824 cogitando
456 2738 630 2817 recordari,
655 2757 724 2805 uno
746 2741 884 2824 aspectu
904 2741 1023 2807 intueri
1040 2743 1182 2826 potestis

137 2868 215 2928 eos
241 2852 399 2935 quicum
425 2854 554 2929 senatu,
578 2869 653 2917 cum
678 2851 778 2918 bonis
803 2852 963 2918 omnibus
987 2872 1056 2919 rem
1073 2854 1183 2940 publi·

137 2979 215 3026 cam
253 2963 409 3030 afflictam
438 2964 609 3030 excitarint
632 2966 665 3030 et
688 2963 862 3031 latrocinio
889 2963 1077 3032 domestico
1100 2965 1182 3032 libe-

138 3074 252 3152 rarint,
287 3079 444 3154 maestos
468 3075 670 3155 sordidatos,
703 3095 778 3144 reos
803 3075 988 3162 decapite,
1017 3077 1059 3144 de
1082 3077 1181 3157 fama,

137 3186 184 3252 de
221 3187 364 3266 civitate,
399 3187 441 3253 de
474 3187 626 3267 fortunis
662 3187 704 3255 de
728 3188 841 3255 liberis
874 3188 1087 3268 dimicantes;
1122 3207 1182 3258 eos

138 3301 267 3378 autem,
294 3299 351 3383 qui
376 3300 490 3365 omnia
506 3299 619 3366 divina
636 3304 668 3366 et
684 3301 832 3366 humana
851 3302 1007 3368 violarint
1022 3302 1182 3380 vexarint,

139 3412 366 3495 perturbarint
397 3413 582 3490 everterint,
611 3431 680 3480 non
709 3413 820 3479 solum
849 3414 979 3479 alacres
1007 3413 1183 3499 laetosque

142 3522 291 3601 volitare,
322 3523 382 3590 sed
411 3525 511 3591 etiam
539 3525 730 3593 fortissimis
758 3529 859 3612 atque
891 3525 1028 3611 optimis
1052 3527 1182 3593 civibus

140 3637 331 3719 periculum
364 3637 483 3716 moliri,
519 3636 561 3703 de
590 3656 626 3704 se
654 3638 736 3704 nihil
764 3639 889 3704 timere.
944 3638 978 3703 ln
1007 3657 1076 3724 quo
1106 3647 1217 3705 cum2

140 3747 269 3813 multa
293 3752 371 3816 sunt
395 3749 576 3836 indigna,
601 3753 671 3816 tum
696 3750 778 3816 nihil
800 3751 913 3816 minus
931 3754 982 3817 est
997 3750 1183 3830 ferendum,

141 3876 249 3942 quam
274 3861 367 3945 quod
392 3862 457 3928 iam
483 3881 551 3929 non
576 3881 635 3947 per
657 3861 803 3930 latrones
827 3881 919 3942 suos,
948 3882 1017 3930 non
1041 3881 1101 3947 per
1123 3863 1183 3930 tro-

139 3970 256 4037 mfnes
281 3976 429 4057 egestate
454 3977 487 4041 et
509 3975 636 4042 scelere
656 3974 826 4062 perditos,
845 3976 914 4042 sect
927 3972 1215 4060 nervosusnxs,

192 4089 277 4140 Cicero,
291 4103 334 4146 pro
348 4093 430 4139 Sestio.
460 4096 524 4140 Text.
1035 4088 1059 4138 X
