2648 4446
344 325 414 386 PRO
432 325 461 379 P.
481 324 600 381 SESTIO
619 325 754 388 ORATIO
774 327 792 395 §
812 326 957 382 los-107.
1129 327 1172 395 53

129 516 244 600 ltaque
278 515 489 600 temporibus
523 515 598 595 illis,
634 516 692 601 qui
717 516 898 602 populares
927 520 1030 595 erant,
1066 518 1171 584 offen-

130 628 256 694 debant
278 627 325 693 illi
349 626 487 713 quidem
512 627 603 713 apud
625 646 745 712 graves
769 631 802 694 et
817 629 981 696 honestos
1002 629 1171 709 homines,

130 739 190 806 sed
214 739 332 824 populi
349 738 481 805 iudiciis
498 742 599 825 atque
615 741 708 806 omni
724 741 970 825 significatione
985 740 1170 807 florebant:

129 853 181 919 his
210 853 245 918 in
272 853 401 918 theatro
429 851 661 937 plaudebatur,
694 853 727 918 hi
755 853 933 937 suffragiis,
969 852 1063 938 quod
1092 871 1171 919 con-

129 963 314 1043 tenderant,
348 963 651 1049 consequebantur,
686 965 806 1030 horum
841 965 998 1030 homines
1034 982 1171 1044 nomen,

128 1077 326 1156 orationem,
360 1076 500 1155 vultum,
535 1076 705 1142 incessum
737 1076 904 1142 amabant.
955 1076 1026 1157 Qui
1055 1079 1170 1143 autem

129 1188 392 1255 adversabantur
425 1189 455 1254 ei
490 1189 615 1273 generi,
649 1206 769 1272 graves
804 1191 836 1254 et
867 1189 980 1273 magni
1010 1189 1172 1255 homines

129 1301 353 1379 habebantur;
388 1299 448 1367 sed
482 1299 640 1366 valebant
672 1300 706 1365 in
734 1302 852 1366 senatu
884 1299 1039 1379 multum,
1079 1300 1171 1385 apud

129 1411 241 1478 bonos
263 1412 353 1479 viros
376 1411 574 1496 plurimum:
599 1411 803 1477 multitudini
822 1410 958 1478 iucundi
975 1430 1044 1478 non
1063 1413 1161 1477 erant

128 1525 296 1610 suffragiis
316 1524 550 1591 offendebatur
566 1542 668 1608 saepe
684 1541 800 1589 eorum
816 1524 987 1601 voluntas3
1004 1523 1169 1607 plausum
1245 1562 1252 1577 ·

128 1654 207 1703 vero
241 1637 342 1703 etiam
376 1637 404 1701 si
439 1636 516 1720 quis
547 1653 663 1702 eorum
691 1635 875 1719 aliquando
903 1636 1093 1719 acceperat,
1128 1653 1170 1700 ne

129 1748 210 1834 quid
231 1750 412 1833 peccasset,
436 1747 702 1833 pertimescebat.
739 1746 787 1814 Ac
810 1749 933 1826 tamen,
957 1748 985 1814 si
1007 1765 1170 1832 quaeres

128 1863 198 1927 erat
236 1862 357 1941 maior,
404 1860 494 1926 idem
532 1860 588 1926 ille
626 1860 775 1945 populus
812 1861 932 1926 horum
971 1859 1170 1925 auctoritate

128 1973 274 2040 maxime
297 1973 589 2041 commovebatur.

214 2084 322 2164 Nunc,
353 2085 416 2151 nisi
445 2103 499 2151 me
526 2083 618 2162 fallit,
647 2085 681 2148 in
709 2102 750 2150 eo
779 2086 866 2150 statu
890 2084 1006 2149 civitas
1030 2085 1091 2161 est,
1121 2084 1166 2161 ut,
1188 2085 1238 2142 106

128 2197 156 2262 si
180 2214 302 2281 operas
325 2196 565 2264 conductorum
590 2197 781 2276 removeris
805 2215 924 2263 omnes
948 2195 1038 2263 idem
1066 2194 1109 2262 de
1133 2212 1167 2262 re

128 2306 264 2393 publica
287 2308 417 2374 sensuri
439 2326 514 2375 esse
537 2308 722 2374 videantur.
760 2307 892 2374 Etenim
914 2307 1045 2373 tribus
1064 2307 1168 2374 locis

128 2420 308 2506 significari
338 2421 483 2488 maxime
511 2421 553 2486 de
581 2440 614 2487 re
644 2421 779 2506 publica
802 2421 919 2506 populi
943 2420 1086 2494 Romani
1116 2421 1165 2485 iu-

128 2531 252 2598 dicium
269 2551 307 2598 ac
323 2532 479 2599 voluntas
496 2535 617 2618 potest,
641 2533 809 2613 contione,
830 2533 985 2612 comitiis,
1006 2532 1166 2598 ludorum

128 2643 422 2730 gladiatorumque
444 2663 618 2711 consessu.
657 2645 754 2726 Quae
778 2646 913 2712 contio
936 2645 998 2710 fuit
1023 2663 1083 2729 per
1103 2646 1167 2711 hos

129 2774 247 2836 annos,
271 2775 359 2842 quae
383 2757 521 2842 quidem
544 2760 634 2824 esset
653 2776 722 2823 non
739 2756 914 2835 conducta,
938 2756 998 2822 sed
1016 2775 1105 2835 vera,
1132 2757 1166 2821 in

128 2885 195 2951 qua
222 2869 341 2953 populi
370 2869 512 2943 Romani
540 2888 727 2936 consensus
758 2869 901 2954 perspici
930 2887 998 2934 non
1023 2870 1166 2953 posset?

129 2979 272 3055 Habitae
289 2984 368 3047 sunt
383 2981 507 3048 multae
524 2981 566 3047 de
583 3000 637 3048 me
653 3001 672 3048 a
689 2981 874 3066 gladiatore
891 2980 1165 3047 sceleratissimo:

128 3090 171 3156 ad
188 3109 272 3177 quas
289 3111 390 3159 nemo
407 3093 522 3159 adibat
537 3094 758 3179 incorruptus
776 3111 877 3160 nemo
894 3095 1040 3178 integer;
1064 3111 1166 3160 nemo

128 3202 221 3269 illum
244 3204 383 3272 foedum
406 3205 535 3271 vultum
560 3207 718 3290 aspicere,
742 3224 844 3272 nemo
866 3205 1018 3271 furialem
1041 3224 1161 3272 vocem

127 3313 240 3381 bonus
263 3315 379 3382 audire
395 3319 538 3400 poterat;
562 3320 655 3383 erant
670 3317 746 3384 illae
762 3319 938 3385 contiones
955 3316 1164 3401 perditorum

128 3428 304 3494 hominum
334 3429 523 3495 necessario
553 3429 774 3497 turbulentae.
820 3430 949 3496 Habuit
976 3428 1018 3494 de
1042 3428 1163 3496 eodem
1185 3438 1235 3494 107

128 3557 181 3606 me
205 3540 240 3605 Ρ.
264 3541 425 3607 Lentulus
448 3542 566 3608 consul
590 3543 798 3608 contionem:
822 3558 1005 3608 concursus
1032 3543 1083 3607 est
1103 3560 1165 3626 po-

127 3651 197 3736 puli
221 3652 364 3726 Romani
387 3653 504 3732 factus,
533 3672 653 3720 omnes
676 3655 822 3733 ordines,
853 3655 923 3720 tota
947 3654 981 3718 in
1005 3653 1060 3718 illa
1085 3671 1165 3720 con·

126 3764 219 3831 tione
235 3765 326 3831 ltalia
341 3766 503 3843 constitit;
519 3767 589 3850 egit
604 3784 740 3833 causam
757 3784 890 3832 summa
905 3783 982 3832 cum
1003 3766 1165 3850 gravitate

126 3877 293 3961 copiaque
327 3877 460 3944 dicendi
490 3880 584 3944 tanto
613 3879 761 3958 silentio,
796 3881 886 3944 tanta
916 3877 1166 3962 approbatione

127 3988 291 4069 omnium,
316 3989 396 4054 nihil
420 3992 456 4055 ut
479 4007 641 4074 umquam
665 3991 832 4090 videretur
853 3992 922 4056 tam
940 3988 1107 4085 populare
1122 3988 1172 4054 ad
