2648 4446
176 308 220 376 50
400 309 470 372 PRO
487 309 516 364 P.
535 309 655 367 SESTIO
674 309 807 370 ORATIO
831 311 849 379 §
866 311 995 366 99-101.

177 519 300 586 magna
324 500 503 567 multitudo
527 504 578 568 est
600 519 727 580 eorum,
763 501 820 586 qui
843 504 902 568 aut
924 504 1060 586 propter
1083 507 1213 573 metum

175 631 307 697 poenae
330 615 542 698 peccatorum
560 632 698 680 suorum
722 613 847 680 conscii
871 633 979 681 novos
1000 618 1113 683 motus
1130 635 1211 684 con·

176 725 416 809 versionesque
443 725 489 791 rei
517 725 671 810 publicae
700 728 872 811 quaerant,
907 728 965 792 aut
994 728 1052 812 qui
1075 732 1214 813 propter

176 837 313 902 insitum
341 836 511 922 quendam
535 837 638 903 animi
660 837 806 903 furorem
830 836 1006 904 discordiis
1029 839 1153 906 civium
1176 859 1217 908 ac

176 948 340 1016 seditione
364 951 551 1034 pascantur,
575 951 633 1015 aut
655 949 713 1034 qui
731 951 867 1034 propter
881 950 1146 1035 implicationem
1162 953 1209 1019 rei

174 1061 345 1127 familiaris
379 1061 550 1128 communi
585 1060 741 1128 incendio
776 1061 893 1127 malint
927 1081 1029 1148 quam
1058 1082 1122 1130 suo
1151 1064 1209 1132 de-

174 1173 323 1257 flagrare.
366 1173 448 1254 ·Qui
483 1191 559 1239 curn
589 1176 717 1240 tutores
752 1176 830 1240 sunt
864 1176 897 1240 et
931 1174 1034 1241 duces
1068 1193 1209 1242 suorum

175 1284 362 1352 studiorum
394 1286 620 1371 vitiorumque
654 1287 752 1365 nacti,
786 1286 820 1352 in
855 1305 889 1352 re
924 1286 1057 1372 publica
1085 1288 1209 1355 fluctus

174 1398 366 1476 excitantur,
390 1400 427 1463 ut
448 1397 657 1482 vigilandum
682 1399 725 1464 sit
748 1399 799 1477 iis,
823 1399 880 1484 qui
898 1399 962 1464 sibi
978 1400 1208 1484 gubernacula

175 1511 299 1596 patriae
334 1509 615 1595 depoposcerunt,
651 1509 915 1595 enitendumque
947 1512 1039 1578 omni
1069 1512 1209 1580 scientia

175 1639 213 1688 ac
236 1621 419 1706 diligentia,
444 1624 480 1687 ut
502 1622 707 1688 conservatis
730 1622 781 1701 iis,
806 1641 893 1707 quae
917 1641 983 1708 ego
1006 1622 1109 1708 paulo
1132 1627 1211 1692 ante

175 1733 393 1799 fundamenta
430 1752 469 1799 ac
506 1733 656 1799 membra
695 1752 770 1800 esse
805 1734 888 1814 dixi,
927 1737 1039 1801 tenere
1074 1754 1209 1803 cursum

176 1846 308 1929 possint
345 1846 378 1912 et
414 1863 532 1929 capere
567 1845 626 1910 otii
660 1844 754 1910 illum
789 1849 922 1929 portum
958 1849 990 1913 et
1024 1846 1208 1932 dignitatis.
1270 1932 1272 1936 Ι

171 1958 267 2024 Hanc
289 1976 355 2042 ego
369 1958 470 2036 viam,
494 1957 632 2036 iudices,
657 1957 684 2023 si
703 1959 760 2023 aut
776 1976 929 2042 asperam
946 1961 1047 2045 atque
1063 1960 1204 2027 arduam

170 2073 227 2137 aut
254 2070 388 2155 plenam
417 2088 493 2137 esse
523 2069 746 2155 periculorum
770 2073 827 2136 aut
850 2072 1046 2139 insidiarum
1071 2091 1206 2159 negem,

74 2224 78 2229 -
170 2183 320 2261 mentiar,
355 2183 548 2267 praesertim
583 2199 659 2247 curn
694 2182 728 2248 id
756 2201 824 2249 non
853 2185 958 2250 modo
986 2185 1205 2253 intellexerim

102 2301 153 2358 100
170 2313 312 2380 semper,
336 2294 396 2361 sed
420 2296 519 2361 etiam
544 2297 674 2380 praeter
695 2298 823 2362 ceteros
848 2298 1019 2363 senserim.
1036 2336 1080 2344 -
1094 2299 1203 2367 Maio-

168 2407 260 2472 ribus
284 2407 459 2493 praesidiis
477 2409 510 2473 et
524 2409 632 2492 copiis
648 2411 864 2493 oppugnatur
879 2428 931 2475 res
948 2410 1081 2494 publica
1098 2429 1201 2496 quarn

169 2519 366 2598 defenditur,
387 2521 566 2603 propterea
590 2519 682 2605 quod
699 2520 844 2587 audaces
861 2522 1017 2588 homines
1033 2525 1066 2589 et
1081 2523 1201 2608 perditi

168 2634 251 2697 nutu
285 2631 501 2717 impelluntur
534 2634 567 2697 et
600 2632 665 2717 ipsi
700 2633 799 2698 etiam
835 2636 956 2717 sponte
991 2652 1052 2700 sua
1085 2637 1201 2702 contra

168 2763 237 2809 rem
262 2743 432 2828 publicam
456 2744 646 2823 incitantur3
674 2745 755 2810 boni
779 2747 893 2812 nescio
917 2764 986 2830 quo
1010 2746 1114 2814 modo
1137 2751 1201 2814 tar·

86 2869 88 2872 ’
168 2855 279 2922 diores
303 2858 382 2921 sunt
404 2859 437 2922 et
459 2857 629 2942 principiis
652 2875 761 2922 rerum
779 2858 940 2941 neglectis
956 2857 999 2923 ad
1016 2861 1203 2925 extremum

167 2969 240 3053 ipsa
269 2968 415 3052 denique
443 2969 641 3035 necessitate
669 2970 860 3048 excitantur,
896 2971 940 3035 ita
968 2972 1004 3036 ut
1031 2988 1201 3038 nonnum-

167 3097 269 3164 quam
285 3080 496 3146 cunctatione
512 3099 550 3146 ac
566 3080 727 3159 tarditate,
745 3080 825 3146 dum
843 3082 949 3148 otium
965 3082 1084 3148 volunt
1095 3083 1197 3150 etiarn

100 3198 147 3254 101
167 3193 239 3257 sine
263 3191 425 3276 dignitate
448 3193 597 3271 retinere,
622 3193 686 3276 ipsi
711 3194 890 3277 utrumque
906 3195 1067 3261 amittant.
1106 3194 1205 3262 Pro·

161 3305 409 3388 pugnatores
436 3306 548 3369 autem
577 3305 623 3370 rei
651 3305 806 3387 publicae
830 3308 887 3390 qui
912 3324 987 3373 esse
1010 3307 1199 3387 voluerunt,

166 3416 193 3479 si
228 3414 369 3481 leviores
404 3418 491 3494 sunt,
530 3414 729 3494 desciscunt,
768 3419 796 3483 si
830 3419 1026 3498 timidiores,
1061 3418 1203 3499 desunt;

165 3529 362 3610 permanent
396 3527 441 3592 illi
476 3527 539 3593 soli
567 3530 668 3613 atque
696 3531 810 3595 omnia
838 3532 883 3596 rei
912 3531 1067 3616 publicae
1094 3550 1196 3598 causa

165 3638 342 3721 perierunt,
366 3639 423 3723 qui
440 3641 518 3704 sunt
533 3640 626 3719 tales,
651 3641 760 3726 qualis
777 3643 870 3726 pater
885 3644 973 3722 tuus,
996 3643 1042 3708 M.
1061 3642 1195 3723 Scaure,

163 3749 234 3829 luit,
259 3751 316 3835 qui
340 3770 369 3816 a.
387 3750 423 3817 C.
441 3749 592 3818 Graccho
616 3770 724 3838 usque
747 3753 790 3819 ad
811 3753 853 3834 Q.
870 3755 1006 3821 Varium
1022 3755 1194 3823 seditiosis

164 3862 323 3928 omnibus
346 3863 472 3942 restitit,
497 3881 598 3948 quern
623 3883 784 3950 numqam
802 3865 868 3931 ulla
884 3867 945 3945 vis,
969 3867 1056 3932 ullae
1073 3868 1196 3947 minae,

163 3973 230 4040 ulla
254 3974 379 4041 invidia
402 3975 565 4055 labefecit,
589 3979 647 4041 aut
670 3977 778 4061 qualis
804 3977 846 4057 Q.
870 3978 1038 4058 Metellus,
1062 3983 1201 4065 patruus
