2648 4446
365 329 435 391 PRO
454 328 482 383 P.
503 328 623 384 SESTIO
642 327 775 389 ORATIO
793 329 812 397 §
830 328 941 383 88-90.
1131 328 1173 395 45

136 540 237 607 quarn
263 520 361 587 dolor
383 520 496 598 animi,
520 520 634 585 innata
651 518 796 597 libertas,
820 520 975 604 prompta
992 518 1172 585 excellens·

136 652 203 719 que
226 633 330 699 virtus
354 632 573 698 fortissimum
596 632 703 696 virum
728 629 931 709 hortabatur,
965 631 998 696 vi
1021 631 1088 697 vim
1113 629 1172 697 ob-

135 748 248 825 latam,
283 745 477 831 praesertim
512 744 659 828 saepius,
695 745 731 808 ut
757 743 923 828 frangeret
950 745 982 808 et
1009 743 1173 822 refutaret,

135 861 226 926 tanta
262 857 449 925 moderatio
476 857 537 921 fuit
564 855 722 933 hominis,
757 856 887 920 tantum
915 854 1103 933 consilium,
1137 857 1174 920 ut

136 972 322 1039 contineret
356 970 507 1037 dolorem
543 986 654 1053 neque
681 968 800 1034 eadem
830 986 867 1033 se
894 985 928 1033 re
953 967 1174 1047 ulcisceretur,

137 1102 204 1171 qua
234 1085 325 1149 esset
351 1082 536 1159 lacessitus,
571 1081 631 1146 sed
660 1080 754 1146 illurn
783 1082 833 1146 tot
855 1081 921 1146 iam
946 1081 979 1146 in
1002 1080 1175 1147 funeribus

137 1197 183 1263 rei
218 1195 373 1281 publicae
402 1194 624 1260 exsultantem
653 1211 692 1259 ac
719 1193 959 1277 tripudiantem
987 1194 1112 1277 legum,
1147 1194 1174 1259 si

137 1312 262 1395 posset,
293 1308 424 1393 laqueis
453 1307 709 1391 constringeret:
743 1305 917 1371 descendit
945 1305 988 1372 ad
1017 1324 1174 1372 accusan-

138 1422 229 1488 dum.
269 1422 356 1504 Quis
381 1439 543 1506 umquam
567 1422 635 1485 tam
660 1420 793 1504 proprie
817 1421 862 1486 rei
887 1419 1041 1505 publicae
1062 1438 1173 1496 causa,
1193 1428 1228 1481 89

139 1535 238 1601 nullis
255 1535 447 1613 inimicitiis,
464 1533 565 1599 nullis
579 1532 747 1618 praemiis,
764 1532 855 1597 nulla
869 1533 1045 1598 hominum
1059 1535 1175 1618 postu-

139 1646 263 1713 latione
287 1646 459 1711 autetiam
478 1645 640 1730 opinione
657 1645 690 1710 id
707 1663 785 1710 eum
802 1662 963 1728 umquam
981 1663 1057 1711 esse
1072 1644 1175 1711 factu·

138 1759 236 1824 rum?
267 1758 372 1823 Fracti
397 1760 490 1823 erant
505 1758 608 1823 animi
625 1758 787 1834 hominis;
811 1757 876 1823 lroc
892 1757 981 1823 enirn
998 1759 1175 1824 accusante

139 1871 268 1956 pristini
285 1870 375 1936 illius
391 1870 443 1935 sui
460 1869 573 1935 iudicii
590 1868 830 1953 turpitudinem
849 1868 1059 1954 desperabat.
1090 1869 1175 1935 Ecce

139 1982 198 2048 tibi
226 1983 355 2062 consul,
391 1985 533 2068 praetor,
565 1982 719 2047 tribunus
748 1981 791 2065 pl.
820 2000 908 2048 nova
937 1983 1015 2049 novi
1043 1982 1175 2066 generis

139 2093 247 2161 edicta
272 2097 477 2179 proponunt,
505 2112 646 2160 nereus
671 2093 767 2172 adsit,
792 2112 834 2158 ne
857 2095 983 2172 citetur,
1008 2112 1050 2158 ne
1073 2111 1174 2178 quae-

140 2208 238 2285 ratur,
273 2225 316 2272 ne
350 2207 556 2272 mentionem
587 2208 727 2273 omnino
755 2207 913 2290 cuiquam
942 2206 1090 2272 iudicum
1119 2208 1176 2271 aut

140 2318 341 2386 iudiciorum
365 2319 472 2386 facere
496 2319 605 2385 liceat!
641 2319 733 2400 Quid
758 2322 871 2404 ageret
887 2320 935 2385 vir
951 2319 993 2384 ad
1010 2319 1175 2396 virtutem,

140 2431 349 2517 dignitatem,
377 2432 518 2517 gloriam
548 2435 646 2498 natus
673 2433 705 2498 vi
734 2431 969 2498 sceleratorum
1000 2431 1175 2496 hominum

139 2542 361 2622 corroborata,
385 2543 519 2629 legibus
544 2544 744 2628 iudiciisque
761 2544 923 2609 sublatis?
952 2542 1107 2609 Cervices
1123 2543 1175 2606 tri-

139 2654 253 2722 bunus
277 2656 321 2740 pl.
346 2657 486 2741 privato,
511 2657 819 2742 praestantissimus
836 2657 884 2721 vir
901 2655 1176 2740 profligatissimo

141 2769 269 2835 homini
295 2768 409 2835 daret?
436 2787 479 2834 an
503 2787 640 2835 causam
665 2773 856 2853 susceptam
881 2768 1045 2833 abiceret?
1074 2787 1116 2832 an
1140 2785 1176 2833 se

141 2880 234 2947 domi
261 2882 468 2948 contineret?
501 2881 542 2946 Et
568 2881 655 2946 vinci
685 2884 779 2965 turpe
808 2882 937 2965 putavit
964 2883 997 2946 et
1023 2880 1176 2945 deterreri

141 2995 174 3058 et
189 2993 305 3059 latere:
325 2994 515 3080 perfecit,
541 2994 595 3068 ut,
622 2993 784 3077 quoniam
801 2993 865 3058 sibi
883 2993 916 3057 in
934 2993 1026 3058 illum
1044 2991 1176 3077 legibus

141 3105 188 3170 uti
216 3123 285 3172 non
309 3106 430 3183 liceret,
458 3104 576 3170 iliius
598 3108 679 3170 vim
701 3122 826 3188 neque
849 3106 882 3170 in
907 3123 970 3171 suo
994 3122 1121 3188 neque
1143 3105 1176 3169 in

140 3219 186 3283 rei
211 3217 367 3303 publicae
391 3218 538 3301 periculo
558 3219 874 3302 pertimesceret.

227 3328 306 3410 Quo
335 3328 439 3395 modo
468 3329 568 3414 igitur
595 3331 659 3396 hoc
686 3331 719 3395 in
749 3348 871 3415 genere
900 3328 1057 3413 praesidii
1085 3347 1175 3394 com·
1194 3336 1228 3390 90

140 3442 246 3527 parati
275 3459 413 3508 accusas
437 3440 595 3521 Sestium,
623 3461 699 3508 cum
729 3442 819 3508 idem
850 3441 969 3507 laudes
990 3440 1177 3507 Milonem?

139 3553 202 3633 lln,
233 3555 291 3638 qui
320 3572 381 3620 sua
409 3557 494 3620 tecta
519 3554 679 3632 defendit,
714 3555 772 3639 qui
796 3554 838 3619 ab
862 3554 926 3619 aris
948 3553 1032 3619 focis
1055 3554 1176 3618 ferrum

140 3665 382 3750 flammamque
406 3666 553 3751 depellit,
578 3668 635 3750 qui
660 3666 723 3732 sibi
748 3667 845 3731 licere
869 3665 940 3731 vult
963 3668 1035 3732 tuto
1051 3683 1127 3732 esse
1143 3665 1176 3730 in

139 3777 224 3857 foro,
252 3778 285 3843 in
314 3778 452 3863 templo,
481 3779 638 3857 incuria,
668 3780 737 3844 iure
762 3776 967 3862 praesidium
991 3780 1175 3862 comparat:

141 3890 199 3974 qui
222 3891 428 3969 vulneribus,
452 3910 540 3976 quae
563 3893 666 3957 cernit
689 3890 812 3956 cotidie
836 3892 908 3955 toto
932 3909 1081 3974 corpore,
1105 3908 1175 3956 mo·

141 4004 247 4081 netur,
271 4005 308 4068 ut
331 4004 445 4087 aliquo
466 4003 635 4089 praesidio
651 4005 753 4089 caput
768 4005 801 4069 et
815 4003 962 4068 cervices
976 4005 1014 4068 et
1024 4001 1188 4083 iugulum
