2648 4446
175 319 218 384 46
408 315 478 377 PRO
497 315 526 370 P.
545 314 664 370 SESTIO
684 313 816 376 ORATIO
835 315 854 384 ὃ
871 313 984 374 91-93,

123 516 155 571 91
176 526 215 573 ac
239 508 339 574 latera
355 509 488 586 tutetur,
513 507 602 573 hunc
618 505 661 572 de
675 505 708 572 vi
725 504 952 571 accusandum
970 505 1092 589 putas?
1125 503 1213 586 Quis

176 619 265 685 enim
279 621 441 698 nostrum,
454 617 593 697 iudices,
606 618 739 702 ignorat
748 617 793 683 ita
804 619 956 682 naturam
967 635 1076 682 rerum
1087 616 1215 697 tulisse,

176 733 213 796 ut
235 731 386 816 quodam
407 732 558 815 tempore
582 730 738 796 homines
761 728 914 795 nondum
938 746 1050 813 neque
1073 729 1214 795 naturali

176 861 287 929 neque
303 842 391 910 civili
407 843 478 909 iure
494 841 662 928 descripto
678 841 743 907 iusi
760 859 820 926 per
835 859 935 926 agros
951 859 990 907 ac
1002 840 1146 927 dispersi
1159 860 1215 908 va·

175 959 333 1041 garentur
344 957 542 1040 tantumque
555 954 725 1031 haberent,
739 956 903 1039 quantum
921 972 1023 1019 manu
1036 972 1074 1020 ac
1085 953 1213 1020 viribus

176 1085 236 1152 per
262 1066 400 1133 caedem
429 1085 468 1132 ac
495 1066 632 1132 vulnera
661 1067 720 1131 aut
745 1066 872 1150 eripere
899 1068 958 1131 aut
984 1067 1124 1132 retinere
1154 1084 1214 1151 po-

174 1181 340 1246 tuissent?
367 1178 436 1260 Qui
459 1179 560 1263 igitur
575 1179 672 1263 primi
688 1179 808 1244 virtute
825 1180 858 1244 et
873 1178 1015 1245 consilio
1031 1179 1213 1263 praestanti

177 1293 381 1371 exstiterunt,
405 1292 427 1357 ii
444 1292 621 1376 perspecto
637 1309 760 1375 genere
776 1290 946 1356 humanae
967 1289 1146 1357 docilitatis
1163 1292 1213 1356 at·

177 1422 244 1490 que
271 1403 398 1488 ingenii
426 1401 609 1487 dissipatos
638 1420 742 1467 unum
771 1402 804 1467 in
829 1401 940 1469 locum
964 1405 1213 1487 congregarunt

176 1535 306 1602 eosque
340 1535 382 1582 ex
414 1515 541 1581 ieritate
571 1514 627 1579 illa
655 1513 698 1580 ad
726 1514 887 1580 iustitiam
915 1515 1016 1599 atque
1044 1513 1088 1579 ad
1117 1532 1212 1579 man-

177 1629 391 1695 suetudinem
420 1626 687 1693 transduxerunt.
665 1625 818 1693 tTum
848 1644 900 1692 res
928 1626 971 1692 ad
994 1645 1211 1694 communem

177 1741 362 1819 utilitatem,
397 1757 482 1824 quas
510 1737 662 1822 publicas
689 1737 913 1823 appellamus,
941 1740 1012 1804 tum
1040 1739 1212 1805 conventi-

176 1853 250 1919 cula
274 1853 461 1929 hominum,
485 1868 573 1934 quae
597 1852 715 1936 postea
738 1850 889 1917 civitates
913 1851 1106 1917 nominatae
1122 1853 1211 1931 sunt,

177 1967 247 2031 tum
272 1964 442 2031 domicilia
464 1963 652 2042 coniuncta,
677 1981 763 2047 quas
783 1963 883 2029 urbes
900 1963 1053 2043 dicimus,
1077 1964 1216 2031 invento

125 2086 159 2141 92
177 2080 210 2145 et
237 2077 352 2144 divino
375 2077 446 2142 iure
470 2078 503 2143 et
524 2077 674 2142 humano
698 2075 878 2142 moenibus
902 2077 1109 2160 saepserunt.
1155 2075 1212 2143 At-

176 2208 242 2276 que
265 2190 350 2256 inter
373 2190 459 2256 hanc
481 2189 583 2256 vitam
608 2188 808 2274 perpolitam
832 2189 1039 2254 humanitate
1062 2190 1096 2254 et
1117 2187 1210 2255 illam

176 2304 358 2368 immanem
397 2302 478 2368 nihil
512 2304 581 2368 tam
616 2302 752 2368 interest
787 2319 890 2385 quam
925 2302 977 2367 ius
1012 2303 1113 2386 atque
1146 2302 1210 2368 vis.

177 2415 306 2481 Horum
336 2417 409 2481 utro
438 2416 484 2479 uti
514 2414 684 2492 nolumus,
713 2413 816 2480 altero
844 2417 894 2479 est
917 2413 1091 2479 utendum.
1135 2413 1212 2480 Vim

175 2526 334 2594 volumus
362 2527 544 2610 exstingui:
574 2526 626 2590 ius
649 2525 758 2591 valeat
781 2544 920 2592 necesse
943 2527 1003 2604 est,
1027 2525 1061 2590 id
1084 2527 1136 2591 est
1158 2525 1208 2590 iu-

177 2639 272 2718 dicia,
308 2639 433 2724 quibus
458 2656 559 2704 omne
582 2638 634 2703 ius
658 2637 859 2716 continetur;
887 2637 1009 2704 iudicia
1034 2636 1214 2722 displicent

176 2754 234 2818 aut
257 2752 347 2818 nulla
365 2754 456 2818 sunt:
479 2751 531 2817 vis
547 2749 739 2817 dominetur
754 2768 893 2816 necesse
910 2752 969 2816 est.
1009 2751 1084 2816 Hoc
1098 2749 1216 2816 vident

178 2884 312 2942 omnes;
339 2863 424 2931 Milo
448 2866 481 2929 et
502 2863 626 2930 vidie
628 2863 749 2941 tiecit
774 2865 840 2929 ut
832 2882 885 2928 rus
909 2863 1120 2947 experiretur
1144 2863 1213 2929 vim

178 2976 368 3061 depelleret.
406 2975 580 3043 nrreront
581 2975 729 3054 violuit,
755 2978 791 3040 ut
812 2976 917 3040 virtus
941 2975 1117 3041 audaciam
1140 2976 1213 3041 vin·

177 3092 279 3166 ceret;
302 3089 406 3154 altero
430 3106 513 3153 usus
537 3087 726 3154 necessario
751 3090 810 3166 est,
836 3107 878 3154 ne
893 3088 999 3154 virtus
1015 3087 1058 3153 ab
1074 3086 1216 3154 audacia

177 3201 371 3267 vinceretur.
417 3199 647 3284 Eademque
673 3202 780 3267 ratio
801 3201 890 3287 fuit
910 3199 1019 3266 Sesti
1046 3200 1073 3265 si
1103 3199 1216 3266 minus

177 3315 211 3380 in
235 3313 426 3381 accusando
451 3311 575 3398 (neque
603 3314 692 3379 enim
717 3332 776 3397 per
798 3331 918 3379 omnes
940 3313 1004 3378 luit
1026 3311 1116 3377 idem
1139 3311 1212 3378 lieri

178 3427 341 3512 necesse),
369 3428 403 3492 at
430 3428 517 3492 certe
545 3426 578 3490 in
606 3425 804 3491 necessitate
832 3424 1066 3491 defendendae
1095 3423 1214 3490 salutis

178 3557 260 3604 suae
284 3537 522 3623 praesidioque
545 3540 658 3603 contra
681 3537 749 3603 vim
770 3539 803 3602 et
819 3555 956 3602 manum
973 3535 1214 3621 comparando.

125 3659 159 3715 93
265 3650 296 3719 O
332 3651 366 3716 di
400 3650 619 3716 immortales!
659 3668 841 3734 quemnam
876 3649 1054 3717 ostenditis
1089 3648 1244 3715 exitum'

177 3763 293 3842 nobis,
328 3780 448 3848 quam
480 3781 587 3847 spem
620 3763 678 3827 rei
706 3760 898 3846 publicae
927 3760 1057 3826 datis!
1087 3763 1214 3846 quotus

177 3877 323 3962 quisque
356 3875 544 3941 invenietur
576 3876 667 3939 tanta
701 3874 820 3939 virtute
854 3873 917 3952 vir,
956 3873 1014 3957 qui
1049 3872 1214 3957 optimam

177 4005 351 4072 quamque
375 4005 511 4053 causam
535 3986 581 4051 rei
604 3984 760 4070 publicae
784 3985 1011 4069 amplectatur,
1036 3984 1094 4071 qui
1115 3984 1216 4051 bonis
