2648 4446
167 325 188 389 4
416 321 487 382 PRO
505 321 534 376 P.
554 321 674 377 SESTIO
693 321 826 382 ORATIO
845 323 863 391 ξ
882 322 957 377 7-9.

167 513 404 598 consolarique
434 515 552 598 posset
579 512 739 578 lluctibus
767 513 813 579 rei
840 512 996 598 publicae
1024 513 1204 598 expulsum

167 627 202 692 in
229 625 348 692 alienis
370 625 465 690 terris
488 624 663 704 iacentem,
691 643 793 710 quern
818 626 852 690 in
875 626 1040 691 maiorum
1065 644 1204 692 suorum

167 737 320 822 vestigiis
347 740 435 803 stare
464 736 652 823 oportebat,
682 740 715 803 et
741 737 784 803 ad
814 756 892 804 eum
919 737 1024 803 liliam
1048 739 1122 804 eius
1145 738 1205 805 ad-

169 850 273 928 duxit,
302 852 337 915 ut
365 849 421 914 ille
450 848 621 934 insperato
648 852 787 934 aspectu
810 850 1059 936 complexuque
1083 850 1111 915 si
1135 868 1205 916 non

169 979 318 1040 omnem,
346 964 379 1027 at
405 961 554 1046 aliquam
584 963 712 1046 partem
741 962 900 1028 maeroris
929 963 982 1028 sui
1010 962 1204 1047 deponeret,

169 1077 203 1140 et
240 1073 395 1139 maximis
433 1076 603 1158 praeterea
641 1074 857 1160 assiduisque
895 1074 1015 1140 oiliciis
1049 1078 1082 1141 et
1115 1069 1205 1141 illius

169 1203 376 1265 aemmnam,
407 1186 521 1271 quoad
544 1187 635 1266 vixit,
664 1189 697 1252 et
718 1186 808 1252 liliae
831 1186 1048 1253 solitudinem
1073 1191 1205 1254 susten-

169 1297 260 1363 tavit.
284 1297 494 1365 -Possum
519 1298 623 1364 multa
647 1298 758 1364 dicere
781 1298 824 1365 de
847 1299 1054 1378 liberalitate,
1078 1298 1121 1365 de
1145 1299 1205 1366 do-

170 1411 318 1476 mesticis
347 1410 478 1489 oiliciis,
507 1410 550 1476 de
577 1410 748 1478 tribunatu
772 1411 915 1491 militari,
944 1412 986 1477 de
1010 1411 1205 1497 provinciali

171 1523 205 1586 in
233 1540 275 1588 eo
303 1523 500 1607 magistratu
529 1522 747 1601 abstinentia;
782 1523 842 1589 sed
872 1523 954 1589 milri
981 1526 1059 1590 ante
1087 1524 1205 1590 oculos

171 1633 368 1700 obversatur
401 1635 446 1700 rei
481 1633 637 1719 publicae
666 1634 823 1719 dignitas,
859 1654 947 1721 quae
974 1655 1029 1702 me
1056 1636 1100 1702 ad
1130 1653 1206 1701 sese

171 1747 266 1831 rapit,
290 1746 373 1812 haec
395 1747 525 1812 minora
548 1746 736 1831 relinquere
760 1747 918 1813 hortatur.

137 1976 154 2031 8
258 1970 411 2039 dunestor
446 1970 499 2035 hic
527 1969 564 2036 C.
588 1968 728 2048 Antoni,
763 1969 914 2056 collegae
949 1971 1031 2049 mei,
1067 1969 1206 2049 iudices,

170 2081 233 2147 iuit
256 2085 355 2162 sorte,
380 2084 440 2150 sed
468 2083 628 2149 societate
651 2081 868 2149 consiliorum
886 2102 992 2149 meus.
1039 2083 1209 2168 lmpedior

172 2195 369 2262 nonnullius
397 2196 510 2276 oflicii,
539 2197 576 2260 ut
603 2213 669 2281 ego
699 2195 904 2280 interpretor,
935 2197 1108 2281 religione,
1137 2215 1206 2281 quo

172 2307 285 2372 minus
313 2327 493 2393 exponam,
522 2328 624 2395 quam
654 2310 759 2377 multa
782 2310 817 2375 P.
843 2309 983 2387 Sestius,
1012 2327 1089 2374 cum
1118 2310 1209 2373 esset

172 2437 249 2484 cum
280 2419 411 2504 collega
440 2438 528 2499 me0,
558 2422 709 2499 senserit,
739 2420 783 2486 ad
807 2439 861 2485 me
886 2419 1049 2498 detulerit,
1079 2422 1208 2504 quanto

174 2533 251 2597 ante
285 2531 476 2616 providerit.
526 2530 637 2617 Atque
672 2551 738 2617 ego
773 2531 816 2597 de
843 2531 992 2598 Antonio
1021 2532 1103 2597 nihil
1132 2531 1209 2597 dico

132 2678 136 2683 ·
174 2647 305 2729 praeter
327 2663 447 2709 unum:
472 2661 659 2729 numquam
683 2644 777 2710 illum
801 2644 860 2711 illo
884 2663 1019 2711 summo
1036 2645 1155 2710 timore
1172 2663 1210 2710 ac

175 2757 323 2841 periculo
351 2757 492 2823 civitatis
522 2775 633 2842 neque
662 2776 880 2823 communem
905 2760 1032 2823 metum
1057 2757 1210 2822 omnium

176 2889 237 2935 nec
266 2870 434 2955 propriam
464 2870 704 2936 nonnullorum
729 2869 771 2935 de
795 2869 871 2954 ipso
900 2870 1129 2954 suspicionem
1154 2871 1212 2934 aut

175 2982 352 3049 infitiando
386 2983 502 3049 tollere
537 2985 595 3048 aut
629 2981 880 3047 dissimulando
906 2981 1023 3047 sedare
1051 2981 1211 3047 voluisse.

175 3094 211 3160 ln
235 3112 304 3179 quo
327 3095 457 3178 collega
481 3094 681 3160 sustinendo
705 3097 806 3179 atque
830 3093 1039 3159 moderando
1056 3094 1084 3158 si
1101 3111 1211 3158 meam

177 3209 210 3273 in
234 3207 328 3273 illum
353 3206 598 3292 indulgentiam
620 3209 835 3274 coniunctam
858 3225 935 3272 cum
953 3224 1086 3271 summa
1101 3206 1212 3269 custo-

176 3319 231 3385 dia
254 3319 301 3385 rei
325 3318 480 3403 publicae
500 3319 637 3386 laudare
653 3339 730 3386 vere
747 3319 919 3398 solebatis
943 3337 1004 3403 par
1018 3333 1123 3401 prope
1139 3315 1214 3380 laus

177 3430 212 3496 P.
238 3431 325 3497 Sesti
354 3450 430 3498 esse
454 3431 565 3511 debet,
596 3432 655 3517 qui
679 3433 723 3498 ita
747 3451 846 3498 suum
871 3429 1062 3497 consulem
1087 3427 1214 3493 obser-

178 3543 288 3623 vavit,
323 3546 360 3609 ut
393 3545 426 3609 et
461 3543 507 3609 illi
537 3547 698 3628 quaestor
725 3543 838 3609 bonus
865 3544 898 3608 et
925 3540 1025 3607 bonis
1054 3538 1214 3605 omnibus

179 3655 328 3739 optimus
352 3656 434 3721 civis
457 3655 635 3722 videretur.

142 3773 159 3828 9
265 3766 367 3845 Idem,
402 3785 478 3832 cum
510 3767 565 3833 illa
596 3767 782 3833 coniuratio
812 3784 854 3831 ex
881 3763 1016 3830 latebris
1047 3766 1149 3849 atque
1176 3782 1218 3829 ex

178 3879 324 3945 tenebris
360 3881 525 3965 erupisset
559 3880 740 3965 palamque
774 3880 900 3944 armata
930 3877 1093 3955 volitaret,
1127 3875 1219 3942 venit

179 4010 254 4056 cum
280 3992 424 4058 exercitu
442 3991 616 4074 Capuam,
640 4010 742 4077 quam
767 3992 884 4058 urbem
906 3992 1041 4076 propter
1057 3988 1218 4074 plurimas
