<?xml version="1.0" encoding="UTF-8"?>
<!DOCTYPE html PUBLIC "-//W3C//DTD XHTML 1.0 Transitional//EN"
    "http://www.w3.org/TR/xhtml1/DTD/xhtml1-transitional.dtd">
<html xmlns="http://www.w3.org/1999/xhtml" xml:lang="en" lang="en">
 <head>
  <title>
</title>
<meta http-equiv="Content-Type" content="text/html;charset=utf-8" />
  <meta name='ocr-system' content='tesseract 3.04.00' />
  <meta name='ocr-capabilities' content='ocr_page ocr_carea ocr_par ocr_line ocrx_word'/>
</head>
<body>
  <div class='ocr_page' id='page_1' title='image "./redefrsestius00cicegoog_0050.png"; bbox 0 0 2648 4446; ppageno 0'>
   <div class='ocr_carea' id='block_1_1' title="bbox 369 314 1173 384">
    <p class='ocr_par' dir='ltr' id='par_1_1' title="bbox 369 314 1173 384">
     <span class='ocr_line' id='line_1_1' title="bbox 369 314 1173 384; baseline -0.004 -14"><span class='ocrx_word' id='word_1_1' title='bbox 369 315 440 376; x_wconf 89' lang='lat' dir='ltr'><strong>PRO</strong></span> <span class='ocrx_word' id='word_1_2' title='bbox 458 314 486 369; x_wconf 91' lang='lat' dir='ltr'><strong>P.</strong></span> <span class='ocrx_word' id='word_1_3' title='bbox 506 314 625 371; x_wconf 85' lang='lat' dir='ltr'>SESTIO</span> <span class='ocrx_word' id='word_1_4' title='bbox 646 314 779 375; x_wconf 83' lang='lat' dir='ltr'>ORATIO</span> <span class='ocrx_word' id='word_1_5' title='bbox 798 315 816 384; x_wconf 83' lang='lat'>§</span> <span class='ocrx_word' id='word_1_6' title='bbox 834 314 946 369; x_wconf 86' lang='lat'><strong>80—82.</strong></span> <span class='ocrx_word' id='word_1_7' title='bbox 1135 317 1173 382; x_wconf 84' lang='grc'><strong>41</strong></span> 
     </span>
    </p>
   </div>
   <div class='ocr_carea' id='block_1_2' title="bbox 136 505 1229 4069">
    <p class='ocr_par' dir='ltr' id='par_1_2' title="bbox 136 505 1229 4069">
     <span class='ocr_line' id='line_1_2' title="bbox 137 505 1176 590; baseline -0.003 -16"><span class='ocrx_word' id='word_1_8' title='bbox 137 506 190 574; x_wconf 79' lang='lat' dir='ltr'><strong>An</strong></span> <span class='ocrx_word' id='word_1_9' title='bbox 214 507 296 572; x_wconf 90' lang='lat' dir='ltr'><strong>haec</strong></span> <span class='ocrx_word' id='word_1_10' title='bbox 319 507 392 590; x_wconf 90' lang='lat' dir='ltr'><strong>ipsa</strong></span> <span class='ocrx_word' id='word_1_11' title='bbox 415 505 466 571; x_wconf 92' lang='lat' dir='ltr'><strong>vis</strong></span> <span class='ocrx_word' id='word_1_12' title='bbox 490 508 550 581; x_wconf 93' lang='lat' dir='ltr'><strong>est,</strong></span> <span class='ocrx_word' id='word_1_13' title='bbox 575 523 643 571; x_wconf 94' lang='lat' dir='ltr'><strong>non</strong></span> <span class='ocrx_word' id='word_1_14' title='bbox 661 523 763 590; x_wconf 93' lang='lat' dir='ltr'><strong>posse</strong></span> <span class='ocrx_word' id='word_1_15' title='bbox 781 505 909 571; x_wconf 78' lang='lat' dir='ltr'><strong>emori?</strong></span> <span class='ocrx_word' id='word_1_16' title='bbox 932 505 1058 584; x_wconf 92' lang='lat' dir='ltr'><strong>anilla,</strong></span> <span class='ocrx_word' id='word_1_17' title='bbox 1083 505 1176 590; x_wconf 90' lang='lat' dir='ltr'><strong>quod</strong></span> 
     </span>
     <span class='ocr_line' id='line_1_3' title="bbox 138 616 1175 703; baseline -0.002 -18"><span class='ocrx_word' id='word_1_18' title='bbox 138 618 291 685; x_wconf 89' lang='lat' dir='ltr'><strong>tribunus</strong></span> <span class='ocrx_word' id='word_1_19' title='bbox 332 617 376 703; x_wconf 92' lang='lat' dir='ltr'><strong>pl.</strong></span> <span class='ocrx_word' id='word_1_20' title='bbox 412 616 576 702; x_wconf 93' lang='lat' dir='ltr'><strong>templum</strong></span> <span class='ocrx_word' id='word_1_21' title='bbox 612 618 818 684; x_wconf 82' lang='lat' dir='ltr'><strong>cruentavit?</strong></span> <span class='ocrx_word' id='word_1_22' title='bbox 863 637 916 696; x_wconf 92' lang='lat' dir='ltr'><strong>an,</strong></span> <span class='ocrx_word' id='word_1_23' title='bbox 956 617 1061 702; x_wconf 90' lang='lat' dir='ltr'><strong>quod,</strong></span> <span class='ocrx_word' id='word_1_24' title='bbox 1100 636 1175 683; x_wconf 92' lang='lat' dir='ltr'><strong>cum</strong></span> 
     </span>
     <span class='ocr_line' id='line_1_4' title="bbox 139 729 1176 815; baseline -0.002 -19"><span class='ocrx_word' id='word_1_25' title='bbox 139 732 229 796; x_wconf 88' lang='lat' dir='ltr'><strong>esset</strong></span> <span class='ocrx_word' id='word_1_26' title='bbox 261 729 393 796; x_wconf 90' lang='lat' dir='ltr'><strong>ablatus</strong></span> <span class='ocrx_word' id='word_1_27' title='bbox 428 730 642 815; x_wconf 91' lang='lat' dir='ltr'><strong>primumque</strong></span> <span class='ocrx_word' id='word_1_28' title='bbox 676 730 858 814; x_wconf 90' lang='lat' dir='ltr'><strong>resipisset,</strong></span> <span class='ocrx_word' id='word_1_29' title='bbox 897 749 966 796; x_wconf 94' lang='lat' dir='ltr'><strong>non</strong></span> <span class='ocrx_word' id='word_1_30' title='bbox 1002 748 1038 795; x_wconf 95' lang='lat' dir='ltr'><strong>se</strong></span> <span class='ocrx_word' id='word_1_31' title='bbox 1066 730 1176 795; x_wconf 91' lang='lat' dir='ltr'><strong>referri</strong></span> 
     </span>
     <span class='ocr_line' id='line_1_5' title="bbox 139 841 1226 926; baseline -0.006 -18"><span class='ocrx_word' id='word_1_32' title='bbox 139 843 258 908; x_wconf 87' lang='lat' dir='ltr'><strong>iussit?</strong></span> <span class='ocrx_word' id='word_1_33' title='bbox 311 841 378 908; x_wconf 91' lang='lat' dir='ltr'><strong>Ubi</strong></span> <span class='ocrx_word' id='word_1_34' title='bbox 416 844 466 908; x_wconf 88' lang='lat' dir='ltr'><strong>est</strong></span> <span class='ocrx_word' id='word_1_35' title='bbox 499 842 648 907; x_wconf 81' lang='lat' dir='ltr'><strong>crimen?</strong></span> <span class='ocrx_word' id='word_1_36' title='bbox 682 841 764 926; x_wconf 92' lang='lat' dir='ltr'><strong>quid</strong></span> <span class='ocrx_word' id='word_1_37' title='bbox 799 841 1062 925; x_wconf 80' lang='lat' dir='ltr'><strong>reprehenditis?</strong></span> <span class='ocrx_word' id='word_1_38' title='bbox 1113 842 1176 907; x_wconf 90' lang='lat' dir='ltr'><strong>Hic</strong></span> <span class='ocrx_word' id='word_1_39' title='bbox 1195 848 1226 902; x_wconf 88' lang='lat'><strong>81</strong></span> 
     </span>
     <span class='ocr_line' id='line_1_6' title="bbox 139 953 1176 1040; baseline -0.001 -19"><span class='ocrx_word' id='word_1_40' title='bbox 139 973 276 1040; x_wconf 85' lang='lat' dir='ltr'><strong>quaero,</strong></span> <span class='ocrx_word' id='word_1_41' title='bbox 307 954 451 1020; x_wconf 91' lang='lat' dir='ltr'><strong>iudices:</strong></span> <span class='ocrx_word' id='word_1_42' title='bbox 499 953 533 1020; x_wconf 89' lang='lat' dir='ltr'><strong>Si</strong></span> <span class='ocrx_word' id='word_1_43' title='bbox 562 953 619 1020; x_wconf 95' lang='lat' dir='ltr'><strong>illo</strong></span> <span class='ocrx_word' id='word_1_44' title='bbox 649 953 703 1019; x_wconf 92' lang='lat' dir='ltr'><strong>die</strong></span> <span class='ocrx_word' id='word_1_45' title='bbox 727 972 812 1038; x_wconf 89' lang='lat' dir='ltr'><strong>gens</strong></span> <span class='ocrx_word' id='word_1_46' title='bbox 836 955 898 1019; x_wconf 91' lang='lat' dir='ltr'><strong>ista</strong></span> <span class='ocrx_word' id='word_1_47' title='bbox 923 953 1054 1032; x_wconf 91' lang='lat' dir='ltr'><strong>Clodia,</strong></span> <span class='ocrx_word' id='word_1_48' title='bbox 1084 953 1176 1038; x_wconf 91' lang='lat' dir='ltr'><strong>quod</strong></span> 
     </span>
     <span class='ocr_line' id='line_1_7' title="bbox 138 1065 1176 1152; baseline 0.001 -20"><span class='ocrx_word' id='word_1_49' title='bbox 138 1066 246 1133; x_wconf 87' lang='lat' dir='ltr'><strong>facere</strong></span> <span class='ocrx_word' id='word_1_50' title='bbox 269 1065 385 1144; x_wconf 88' lang='lat' dir='ltr'><strong>voluit,</strong></span> <span class='ocrx_word' id='word_1_51' title='bbox 413 1066 590 1145; x_wconf 77' lang='lat' dir='ltr'><strong>effecisset,</strong></span> <span class='ocrx_word' id='word_1_52' title='bbox 620 1066 647 1131; x_wconf 92' lang='lat' dir='ltr'><strong>si</strong></span> <span class='ocrx_word' id='word_1_53' title='bbox 671 1065 706 1130; x_wconf 88' lang='lat' dir='ltr'><strong>P.</strong></span> <span class='ocrx_word' id='word_1_54' title='bbox 732 1065 872 1144; x_wconf 89' lang='lat' dir='ltr'><strong>Sestius,</strong></span> <span class='ocrx_word' id='word_1_55' title='bbox 897 1066 955 1150; x_wconf 93' lang='lat' dir='ltr'><strong>qui</strong></span> <span class='ocrx_word' id='word_1_56' title='bbox 979 1085 1039 1152; x_wconf 94' lang='lat' dir='ltr'><strong>pro</strong></span> <span class='ocrx_word' id='word_1_57' title='bbox 1064 1067 1176 1134; x_wconf 87' lang='lat' dir='ltr'><strong>occiso</strong></span> 
     </span>
     <span class='ocr_line' id='line_1_8' title="bbox 139 1178 1177 1256; baseline 0.001 -13"><span class='ocrx_word' id='word_1_58' title='bbox 139 1178 273 1246; x_wconf 86' lang='lat' dir='ltr'><strong>relictus</strong></span> <span class='ocrx_word' id='word_1_59' title='bbox 308 1181 368 1256; x_wconf 89' lang='lat' dir='ltr'><strong>est,</strong></span> <span class='ocrx_word' id='word_1_60' title='bbox 403 1179 536 1244; x_wconf 90' lang='lat' dir='ltr'><strong>occisus</strong></span> <span class='ocrx_word' id='word_1_61' title='bbox 572 1181 671 1256; x_wconf 90' lang='lat' dir='ltr'><strong>esset,</strong></span> <span class='ocrx_word' id='word_1_62' title='bbox 705 1179 859 1244; x_wconf 79' lang='lat' dir='ltr'><strong>fuistisne</strong></span> <span class='ocrx_word' id='word_1_63' title='bbox 894 1178 937 1243; x_wconf 91' lang='lat' dir='ltr'><strong>ad</strong></span> <span class='ocrx_word' id='word_1_64' title='bbox 966 1198 1057 1245; x_wconf 91' lang='lat' dir='ltr'><strong>arma</strong></span> <span class='ocrx_word' id='word_1_65' title='bbox 1081 1179 1177 1244; x_wconf 81' lang='lat' dir='ltr'><strong>ituri?</strong></span> 
     </span>
     <span class='ocr_line' id='line_1_9' title="bbox 138 1290 1177 1377; baseline 0 -20"><span class='ocrx_word' id='word_1_66' title='bbox 138 1292 293 1357; x_wconf 90' lang='lat' dir='ltr'><strong>fuistisne</strong></span> <span class='ocrx_word' id='word_1_67' title='bbox 322 1309 383 1357; x_wconf 91' lang='lat' dir='ltr'><strong>vos</strong></span> <span class='ocrx_word' id='word_1_68' title='bbox 412 1290 455 1356; x_wconf 89' lang='lat' dir='ltr'><strong>ad</strong></span> <span class='ocrx_word' id='word_1_69' title='bbox 480 1291 624 1374; x_wconf 91' lang='lat' dir='ltr'><strong>patrium</strong></span> <span class='ocrx_word' id='word_1_70' title='bbox 649 1291 742 1356; x_wconf 91' lang='lat' dir='ltr'><strong>illum</strong></span> <span class='ocrx_word' id='word_1_71' title='bbox 767 1291 917 1356; x_wconf 91' lang='lat' dir='ltr'><strong>animum</strong></span> <span class='ocrx_word' id='word_1_72' title='bbox 943 1293 1177 1377; x_wconf 89' lang='lat' dir='ltr'><strong>maiorumque</strong></span> 
     </span>
     <span class='ocr_line' id='line_1_10' title="bbox 138 1403 1176 1490; baseline 0 -21"><span class='ocrx_word' id='word_1_73' title='bbox 138 1403 300 1469; x_wconf 82' lang='lat' dir='ltr'><strong>virtutem·</strong></span> <span class='ocrx_word' id='word_1_74' title='bbox 317 1404 514 1469; x_wconf 79' lang='lat' dir='ltr'><strong>excitaturi?</strong></span> <span class='ocrx_word' id='word_1_75' title='bbox 537 1403 692 1469; x_wconf 90' lang='lat' dir='ltr'><strong>fuistisne</strong></span> <span class='ocrx_word' id='word_1_76' title='bbox 715 1403 900 1486; x_wconf 89' lang='lat' dir='ltr'><strong>aliquando</strong></span> <span class='ocrx_word' id='word_1_77' title='bbox 921 1423 989 1470; x_wconf 94' lang='lat' dir='ltr'><strong>rem</strong></span> <span class='ocrx_word' id='word_1_78' title='bbox 1007 1404 1176 1490; x_wconf 87' lang='lat' dir='ltr'><strong>publicam</strong></span> 
     </span>
     <span class='ocr_line' id='line_1_11' title="bbox 139 1514 1177 1600; baseline 0.002 -20"><span class='ocrx_word' id='word_1_79' title='bbox 139 1534 158 1580; x_wconf 90' lang='lat' dir='ltr'><strong>a</strong></span> <span class='ocrx_word' id='word_1_80' title='bbox 188 1515 323 1581; x_wconf 91' lang='lat' dir='ltr'><strong>funesto</strong></span> <span class='ocrx_word' id='word_1_81' title='bbox 353 1514 482 1581; x_wconf 93' lang='lat' dir='ltr'><strong>latrone</strong></span> <span class='ocrx_word' id='word_1_82' title='bbox 511 1515 705 1599; x_wconf 86' lang='lat' dir='ltr'><strong>repetituri?</strong></span> <span class='ocrx_word' id='word_1_83' title='bbox 739 1534 781 1581; x_wconf 88' lang='lat' dir='ltr'><strong>an</strong></span> <span class='ocrx_word' id='word_1_84' title='bbox 806 1516 1000 1582; x_wconf 89' lang='lat' dir='ltr'><strong>etiamtum</strong></span> <span class='ocrx_word' id='word_1_85' title='bbox 1025 1517 1177 1600; x_wconf 87' lang='lat' dir='ltr'><strong>quiesce·</strong></span> 
     </span>
     <span class='ocr_line' id='line_1_12' title="bbox 139 1627 1177 1712; baseline 0.002 -21"><span class='ocrx_word' id='word_1_86' title='bbox 139 1627 227 1706; x_wconf 79' lang='lat' dir='ltr'><strong>retiS,</strong></span> <span class='ocrx_word' id='word_1_87' title='bbox 262 1628 512 1706; x_wconf 88' lang='lat' dir='ltr'><strong>cunctaremini,</strong></span> <span class='ocrx_word' id='word_1_88' title='bbox 547 1628 717 1705; x_wconf 92' lang='lat' dir='ltr'><strong>timeretis,</strong></span> <span class='ocrx_word' id='word_1_89' title='bbox 753 1646 828 1693; x_wconf 87' lang='lat' dir='ltr'><strong>cum</strong></span> <span class='ocrx_word' id='word_1_90' title='bbox 864 1646 932 1693; x_wconf 87' lang='lat' dir='ltr'><strong>rem</strong></span> <span class='ocrx_word' id='word_1_91' title='bbox 962 1627 1130 1712; x_wconf 87' lang='lat' dir='ltr'><strong>publicam</strong></span> <span class='ocrx_word' id='word_1_92' title='bbox 1159 1647 1177 1693; x_wconf 96' lang='lat' dir='ltr'><strong>a</strong></span> 
     </span>
     <span class='ocr_line' id='line_1_13' title="bbox 139 1738 1176 1825; baseline 0.002 -21"><span class='ocrx_word' id='word_1_93' title='bbox 139 1738 434 1806; x_wconf 84' lang='lat' dir='ltr'><strong>facinorosissimis</strong></span> <span class='ocrx_word' id='word_1_94' title='bbox 470 1740 597 1805; x_wconf 92' lang='lat' dir='ltr'><strong>sicariis</strong></span> <span class='ocrx_word' id='word_1_95' title='bbox 634 1742 666 1804; x_wconf 93' lang='lat' dir='ltr'><strong>et</strong></span> <span class='ocrx_word' id='word_1_96' title='bbox 695 1759 714 1805; x_wconf 91' lang='lat' dir='ltr'><strong>a</strong></span> <span class='ocrx_word' id='word_1_97' title='bbox 742 1741 846 1805; x_wconf 92' lang='lat' dir='ltr'><strong>servis</strong></span> <span class='ocrx_word' id='word_1_98' title='bbox 875 1758 950 1805; x_wconf 92' lang='lat' dir='ltr'><strong>esse</strong></span> <span class='ocrx_word' id='word_1_99' title='bbox 978 1758 1176 1825; x_wconf 89' lang='lat' dir='ltr'><strong>oppressam</strong></span> 
     </span>
     <span class='ocr_line' id='line_1_14' title="bbox 140 1851 1177 1937; baseline 0.001 -20"><span class='ocrx_word' id='word_1_100' title='bbox 140 1853 241 1937; x_wconf 86' lang='lat' dir='ltr'><strong>atque</strong></span> <span class='ocrx_word' id='word_1_101' title='bbox 274 1851 503 1918; x_wconf 89' lang='lat' dir='ltr'><strong>conculcatam</strong></span> <span class='ocrx_word' id='word_1_102' title='bbox 539 1852 718 1918; x_wconf 85' lang='lat' dir='ltr'><strong>videretis?</strong></span> <span class='ocrx_word' id='word_1_103' title='bbox 769 1851 875 1918; x_wconf 89' lang='lat' dir='ltr'><strong>Cuius</strong></span> <span class='ocrx_word' id='word_1_104' title='bbox 907 1852 1007 1936; x_wconf 88' lang='lat' dir='ltr'><strong>igitur</strong></span> <span class='ocrx_word' id='word_1_105' title='bbox 1036 1854 1177 1919; x_wconf 94' lang='lat' dir='ltr'><strong>mortem</strong></span> 
     </span>
     <span class='ocr_line' id='line_1_15' title="bbox 140 1963 1177 2049; baseline 0 -20"><span class='ocrx_word' id='word_1_106' title='bbox 140 1963 391 2040; x_wconf 90' lang='lat' dir='ltr'><strong>ulcisceremini‚</strong></span> <span class='ocrx_word' id='word_1_107' title='bbox 409 1965 437 2029; x_wconf 92' lang='lat' dir='ltr'><strong>si</strong></span> <span class='ocrx_word' id='word_1_108' title='bbox 449 1964 587 2048; x_wconf 91' lang='lat' dir='ltr'><strong>quidem</strong></span> <span class='ocrx_word' id='word_1_109' title='bbox 602 1963 696 2030; x_wconf 92' lang='lat' dir='ltr'><strong>liberi</strong></span> <span class='ocrx_word' id='word_1_110' title='bbox 713 1983 788 2030; x_wconf 91' lang='lat' dir='ltr'><strong>esse</strong></span> <span class='ocrx_word' id='word_1_111' title='bbox 805 1969 838 2031; x_wconf 91' lang='lat' dir='ltr'><strong>et</strong></span> <span class='ocrx_word' id='word_1_112' title='bbox 850 1965 972 2031; x_wconf 89' lang='lat' dir='ltr'><strong>habere</strong></span> <span class='ocrx_word' id='word_1_113' title='bbox 985 1984 1053 2030; x_wconf 90' lang='lat' dir='ltr'><strong>rem</strong></span> <span class='ocrx_word' id='word_1_114' title='bbox 1068 1964 1177 2049; x_wconf 94' lang='lat' dir='ltr'><strong>publi-</strong></span> 
     </span>
     <span class='ocr_line' id='line_1_16' title="bbox 139 2076 1176 2162; baseline 0.001 -22"><span class='ocrx_word' id='word_1_115' title='bbox 139 2093 212 2141; x_wconf 90' lang='lat' dir='ltr'><strong>cam</strong></span> <span class='ocrx_word' id='word_1_116' title='bbox 240 2077 442 2160; x_wconf 83' lang='lat' dir='ltr'><strong>cogitaretis,</strong></span> <span class='ocrx_word' id='word_1_117' title='bbox 472 2076 513 2142; x_wconf 93' lang='lat' dir='ltr'><strong>de</strong></span> <span class='ocrx_word' id='word_1_118' title='bbox 542 2077 615 2141; x_wconf 92' lang='lat' dir='ltr'><strong>eius</strong></span> <span class='ocrx_word' id='word_1_119' title='bbox 643 2077 762 2141; x_wconf 91' lang='lat' dir='ltr'><strong>virtute</strong></span> <span class='ocrx_word' id='word_1_120' title='bbox 790 2077 856 2143; x_wconf 91' lang='lat' dir='ltr'><strong>vivi</strong></span> <span class='ocrx_word' id='word_1_121' title='bbox 881 2077 963 2161; x_wconf 91' lang='lat' dir='ltr'><strong>quid</strong></span> <span class='ocrx_word' id='word_1_122' title='bbox 986 2096 1048 2143; x_wconf 91' lang='lat' dir='ltr'><strong>vos</strong></span> <span class='ocrx_word' id='word_1_123' title='bbox 1073 2077 1176 2162; x_wconf 92' lang='lat' dir='ltr'><strong>loqui,</strong></span> 
     </span>
     <span class='ocr_line' id='line_1_17' title="bbox 141 2186 1176 2274; baseline 0.003 -22"><span class='ocrx_word' id='word_1_124' title='bbox 141 2186 223 2271; x_wconf 92' lang='lat' dir='ltr'><strong>quid</strong></span> <span class='ocrx_word' id='word_1_125' title='bbox 258 2189 391 2266; x_wconf 89' lang='lat' dir='ltr'><strong>sentire,</strong></span> <span class='ocrx_word' id='word_1_126' title='bbox 426 2187 508 2272; x_wconf 93' lang='lat' dir='ltr'><strong>quid</strong></span> <span class='ocrx_word' id='word_1_127' title='bbox 536 2190 692 2274; x_wconf 92' lang='lat' dir='ltr'><strong>cogitare,</strong></span> <span class='ocrx_word' id='word_1_128' title='bbox 728 2190 810 2273; x_wconf 90' lang='lat' dir='ltr'><strong>quid</strong></span> <span class='ocrx_word' id='word_1_129' title='bbox 840 2190 985 2256; x_wconf 90' lang='lat' dir='ltr'><strong>iudicare</strong></span> <span class='ocrx_word' id='word_1_130' title='bbox 1014 2193 1176 2274; x_wconf 87' lang='lat' dir='ltr'><strong>oporteat,</strong></span> 
     </span>
     <span class='ocr_line' id='line_1_18' title="bbox 140 2297 1229 2386; baseline 0 -23"><span class='ocrx_word' id='word_1_131' title='bbox 140 2297 365 2365; x_wconf 90' lang='lat' dir='ltr'><strong>dubitandum</strong></span> <span class='ocrx_word' id='word_1_132' title='bbox 400 2301 547 2384; x_wconf 85' lang='lat' dir='ltr'><strong>putatis?</strong></span> <span class='ocrx_word' id='word_1_133' title='bbox 601 2300 644 2366; x_wconf 83' lang='lat' dir='ltr'><strong>nt</strong></span> <span class='ocrx_word' id='word_1_134' title='bbox 677 2320 756 2367; x_wconf 91' lang='lat' dir='ltr'><strong>vero</strong></span> <span class='ocrx_word' id='word_1_135' title='bbox 792 2303 856 2386; x_wconf 91' lang='lat' dir='ltr'><strong>ipsi</strong></span> <span class='ocrx_word' id='word_1_136' title='bbox 897 2302 943 2366; x_wconf 93' lang='lat' dir='ltr'><strong>illi</strong></span> <span class='ocrx_word' id='word_1_137' title='bbox 983 2302 1175 2386; x_wconf 91' lang='lat' dir='ltr'><strong>parricidae,</strong></span> <span class='ocrx_word' id='word_1_138' title='bbox 1196 2310 1229 2364; x_wconf 86' lang='lat'><strong>82</strong></span> 
     </span>
     <span class='ocr_line' id='line_1_19' title="bbox 140 2411 1177 2500; baseline 0.004 -24"><span class='ocrx_word' id='word_1_139' title='bbox 140 2429 284 2495; x_wconf 94' lang='lat' dir='ltr'><strong>quorum</strong></span> <span class='ocrx_word' id='word_1_140' title='bbox 319 2411 499 2479; x_wconf 88' lang='lat' dir='ltr'><strong>effrenatus</strong></span> <span class='ocrx_word' id='word_1_141' title='bbox 533 2414 622 2480; x_wconf 90' lang='lat' dir='ltr'><strong>furor</strong></span> <span class='ocrx_word' id='word_1_142' title='bbox 656 2415 753 2480; x_wconf 88' lang='lat' dir='ltr'><strong>alitur</strong></span> <span class='ocrx_word' id='word_1_143' title='bbox 783 2416 981 2500; x_wconf 88' lang='lat' dir='ltr'><strong>impunitate</strong></span> <span class='ocrx_word' id='word_1_144' title='bbox 1010 2415 1177 2493; x_wconf 89' lang='lat' dir='ltr'><strong>diuturna,</strong></span> 
     </span>
     <span class='ocr_line' id='line_1_20' title="bbox 139 2523 1176 2611; baseline 0.003 -22"><span class='ocrx_word' id='word_1_145' title='bbox 139 2523 226 2590; x_wconf 88' lang='lat' dir='ltr'><strong>adeo</strong></span> <span class='ocrx_word' id='word_1_146' title='bbox 259 2523 327 2589; x_wconf 91' lang='lat' dir='ltr'><strong>vim</strong></span> <span class='ocrx_word' id='word_1_147' title='bbox 361 2524 517 2592; x_wconf 87' lang='lat' dir='ltr'><strong>facinoris</strong></span> <span class='ocrx_word' id='word_1_148' title='bbox 552 2527 604 2592; x_wconf 92' lang='lat' dir='ltr'><strong>sui</strong></span> <span class='ocrx_word' id='word_1_149' title='bbox 633 2529 900 2611; x_wconf 92' lang='lat' dir='ltr'><strong>perhorruerunt,</strong></span> <span class='ocrx_word' id='word_1_150' title='bbox 936 2530 981 2604; x_wconf 87' lang='lat' dir='ltr'><strong>ut,</strong></span> <span class='ocrx_word' id='word_1_151' title='bbox 1017 2528 1044 2591; x_wconf 93' lang='lat' dir='ltr'><strong>si</strong></span> <span class='ocrx_word' id='word_1_152' title='bbox 1074 2528 1176 2611; x_wconf 91' lang='lat' dir='ltr'><strong>paulo</strong></span> 
     </span>
     <span class='ocr_line' id='line_1_21' title="bbox 140 2635 1176 2721; baseline 0.003 -21"><span class='ocrx_word' id='word_1_153' title='bbox 140 2635 273 2721; x_wconf 88' lang='lat' dir='ltr'><strong>longior</strong></span> <span class='ocrx_word' id='word_1_154' title='bbox 302 2637 419 2721; x_wconf 92' lang='lat' dir='ltr'><strong>opinio</strong></span> <span class='ocrx_word' id='word_1_155' title='bbox 448 2639 564 2703; x_wconf 92' lang='lat' dir='ltr'><strong>mortis</strong></span> <span class='ocrx_word' id='word_1_156' title='bbox 590 2637 676 2704; x_wconf 88' lang='lat' dir='ltr'><strong>Sesti</strong></span> <span class='ocrx_word' id='word_1_157' title='bbox 704 2639 832 2717; x_wconf 93' lang='lat' dir='ltr'><strong>fuisset,</strong></span> <span class='ocrx_word' id='word_1_158' title='bbox 865 2639 1053 2706; x_wconf 87' lang='lat' dir='ltr'><strong>Gracchum</strong></span> <span class='ocrx_word' id='word_1_159' title='bbox 1082 2639 1176 2704; x_wconf 92' lang='lat' dir='ltr'><strong>illum</strong></span> 
     </span>
     <span class='ocr_line' id='line_1_22' title="bbox 140 2748 1176 2817; baseline 0.005 -5"><span class='ocrx_word' id='word_1_160' title='bbox 140 2765 238 2813; x_wconf 89' lang='lat' dir='ltr'><strong>suum</strong></span> <span class='ocrx_word' id='word_1_161' title='bbox 276 2748 496 2814; x_wconf 89' lang='lat' dir='ltr'><strong>transferendi</strong></span> <span class='ocrx_word' id='word_1_162' title='bbox 534 2750 568 2815; x_wconf 96' lang='lat' dir='ltr'><strong>in</strong></span> <span class='ocrx_word' id='word_1_163' title='bbox 608 2769 670 2816; x_wconf 94' lang='lat' dir='ltr'><strong>nos</strong></span> <span class='ocrx_word' id='word_1_164' title='bbox 707 2752 854 2817; x_wconf 92' lang='lat' dir='ltr'><strong>criminis</strong></span> <span class='ocrx_word' id='word_1_165' title='bbox 889 2769 990 2816; x_wconf 91' lang='lat' dir='ltr'><strong>causa</strong></span> <span class='ocrx_word' id='word_1_166' title='bbox 1026 2752 1176 2817; x_wconf 88' lang='lat' dir='ltr'><strong>occidere</strong></span> 
     </span>
     <span class='ocr_line' id='line_1_23' title="bbox 140 2860 1175 2947; baseline 0.002 -22"><span class='ocrx_word' id='word_1_167' title='bbox 140 2860 324 2945; x_wconf 87' lang='lat' dir='ltr'><strong>cogitarint.</strong></span> <span class='ocrx_word' id='word_1_168' title='bbox 383 2860 495 2927; x_wconf 87' lang='lat' dir='ltr'><strong>Sensit</strong></span> <span class='ocrx_word' id='word_1_169' title='bbox 533 2864 711 2928; x_wconf 91' lang='lat' dir='ltr'><strong>rusticulus</strong></span> <span class='ocrx_word' id='word_1_170' title='bbox 750 2883 818 2930; x_wconf 94' lang='lat' dir='ltr'><strong>non</strong></span> <span class='ocrx_word' id='word_1_171' title='bbox 857 2865 1010 2929; x_wconf 89' lang='lat' dir='ltr'><strong>incautus</strong></span> <span class='ocrx_word' id='word_1_172' title='bbox 1050 2861 1175 2947; x_wconf 84' lang='lat' dir='ltr'><strong>(neque</strong></span> 
     </span>
     <span class='ocr_line' id='line_1_24' title="bbox 140 2973 1175 3060; baseline 0.001 -22"><span class='ocrx_word' id='word_1_173' title='bbox 140 2973 229 3038; x_wconf 88' lang='lat' dir='ltr'><strong>enim</strong></span> <span class='ocrx_word' id='word_1_174' title='bbox 258 2973 414 3040; x_wconf 91' lang='lat' dir='ltr'><strong>homines</strong></span> <span class='ocrx_word' id='word_1_175' title='bbox 443 2992 589 3059; x_wconf 92' lang='lat' dir='ltr'><strong>nequam</strong></span> <span class='ocrx_word' id='word_1_176' title='bbox 618 2978 726 3041; x_wconf 90' lang='lat' dir='ltr'><strong>tacere</strong></span> <span class='ocrx_word' id='word_1_177' title='bbox 754 2975 948 3060; x_wconf 88' lang='lat' dir='ltr'><strong>potuerunt)</strong></span> <span class='ocrx_word' id='word_1_178' title='bbox 974 2994 1074 3040; x_wconf 92' lang='lat' dir='ltr'><strong>suum</strong></span> <span class='ocrx_word' id='word_1_179' title='bbox 1099 2994 1175 3040; x_wconf 92' lang='lat' dir='ltr'><strong>san-</strong></span> 
     </span>
     <span class='ocr_line' id='line_1_25' title="bbox 139 3085 1175 3172; baseline 0.002 -23"><span class='ocrx_word' id='word_1_180' title='bbox 139 3085 277 3169; x_wconf 90' lang='lat' dir='ltr'><strong>guinem</strong></span> <span class='ocrx_word' id='word_1_181' title='bbox 312 3087 427 3170; x_wconf 93' lang='lat' dir='ltr'><strong>quaeri</strong></span> <span class='ocrx_word' id='word_1_182' title='bbox 456 3086 498 3151; x_wconf 88' lang='lat' dir='ltr'><strong>ad</strong></span> <span class='ocrx_word' id='word_1_183' title='bbox 526 3087 801 3172; x_wconf 87' lang='lat' dir='ltr'><strong>restinguendam</strong></span> <span class='ocrx_word' id='word_1_184' title='bbox 831 3087 991 3153; x_wconf 91' lang='lat' dir='ltr'><strong>invidiam</strong></span> <span class='ocrx_word' id='word_1_185' title='bbox 1019 3087 1175 3152; x_wconf 88' lang='lat' dir='ltr'><strong>facinoris</strong></span> 
     </span>
     <span class='ocr_line' id='line_1_26' title="bbox 139 3195 1175 3284; baseline -0.002 -20"><span class='ocrx_word' id='word_1_186' title='bbox 139 3195 310 3264; x_wconf 91' lang='lat' dir='ltr'><strong>Clodiani:</strong></span> <span class='ocrx_word' id='word_1_187' title='bbox 335 3199 533 3264; x_wconf 92' lang='lat' dir='ltr'><strong>mulioniam</strong></span> <span class='ocrx_word' id='word_1_188' title='bbox 557 3198 737 3283; x_wconf 91' lang='lat' dir='ltr'><strong>paenulam</strong></span> <span class='ocrx_word' id='word_1_189' title='bbox 762 3200 908 3284; x_wconf 92' lang='lat' dir='ltr'><strong>arripuit,</strong></span> <span class='ocrx_word' id='word_1_190' title='bbox 933 3218 1009 3265; x_wconf 92' lang='lat' dir='ltr'><strong>cum</strong></span> <span class='ocrx_word' id='word_1_191' title='bbox 1027 3218 1094 3284; x_wconf 92' lang='lat' dir='ltr'><strong>qua</strong></span> <span class='ocrx_word' id='word_1_192' title='bbox 1112 3199 1175 3282; x_wconf 95' lang='lat' dir='ltr'><strong>pri-</strong></span> 
     </span>
     <span class='ocr_line' id='line_1_27' title="bbox 138 3308 1174 3390; baseline 0.002 -16"><span class='ocrx_word' id='word_1_193' title='bbox 138 3327 231 3374; x_wconf 92' lang='lat' dir='ltr'><strong>mum</strong></span> <span class='ocrx_word' id='word_1_194' title='bbox 255 3308 397 3382; x_wconf 86' lang='lat' dir='ltr'><strong>Romam</strong></span> <span class='ocrx_word' id='word_1_195' title='bbox 426 3310 468 3375; x_wconf 90' lang='lat' dir='ltr'><strong>ad</strong></span> <span class='ocrx_word' id='word_1_196' title='bbox 493 3311 627 3375; x_wconf 89' lang='lat' dir='ltr'><strong>comitia</strong></span> <span class='ocrx_word' id='word_1_197' title='bbox 651 3315 796 3390; x_wconf 91' lang='lat' dir='ltr'><strong>venerat,</strong></span> <span class='ocrx_word' id='word_1_198' title='bbox 826 3312 987 3378; x_wconf 92' lang='lat' dir='ltr'><strong>messoria</strong></span> <span class='ocrx_word' id='word_1_199' title='bbox 1013 3330 1050 3376; x_wconf 92' lang='lat' dir='ltr'><strong>se</strong></span> <span class='ocrx_word' id='word_1_200' title='bbox 1074 3310 1174 3376; x_wconf 88' lang='lat' dir='ltr'><strong>corbe</strong></span> 
     </span>
     <span class='ocr_line' id='line_1_28' title="bbox 137 3421 1174 3505; baseline -0.002 -17"><span class='ocrx_word' id='word_1_201' title='bbox 137 3423 293 3488; x_wconf 87' lang='lat' dir='ltr'><strong>contexit.</strong></span> <span class='ocrx_word' id='word_1_202' title='bbox 341 3421 427 3488; x_wconf 95' lang='lat' dir='ltr'><strong>Cum</strong></span> <span class='ocrx_word' id='word_1_203' title='bbox 452 3426 650 3505; x_wconf 89' lang='lat' dir='ltr'><strong>quaererent</strong></span> <span class='ocrx_word' id='word_1_204' title='bbox 673 3423 728 3488; x_wconf 94' lang='lat' dir='ltr'><strong>alii</strong></span> <span class='ocrx_word' id='word_1_205' title='bbox 752 3423 961 3500; x_wconf 91' lang='lat' dir='ltr'><strong>Numerium,</strong></span> <span class='ocrx_word' id='word_1_206' title='bbox 987 3424 1042 3488; x_wconf 92' lang='lat' dir='ltr'><strong>alii</strong></span> <span class='ocrx_word' id='word_1_207' title='bbox 1067 3421 1174 3502; x_wconf 91' lang='lat' dir='ltr'><strong>Quin-</strong></span> 
     </span>
     <span class='ocr_line' id='line_1_29' title="bbox 137 3533 1176 3620; baseline 0.002 -22"><span class='ocrx_word' id='word_1_208' title='bbox 137 3533 232 3612; x_wconf 88' lang='lat' dir='ltr'><strong>tium,</strong></span> <span class='ocrx_word' id='word_1_209' title='bbox 255 3534 383 3618; x_wconf 89' lang='lat' dir='ltr'><strong>gemini</strong></span> <span class='ocrx_word' id='word_1_210' title='bbox 408 3533 554 3599; x_wconf 92' lang='lat' dir='ltr'><strong>nominis</strong></span> <span class='ocrx_word' id='word_1_211' title='bbox 579 3552 687 3600; x_wconf 90' lang='lat' dir='ltr'><strong>errore</strong></span> <span class='ocrx_word' id='word_1_212' title='bbox 711 3540 861 3601; x_wconf 90' lang='lat' dir='ltr'><strong>servatus</strong></span> <span class='ocrx_word' id='word_1_213' title='bbox 885 3540 945 3602; x_wconf 88' lang='lat' dir='ltr'><strong>est.</strong></span> <span class='ocrx_word' id='word_1_214' title='bbox 984 3536 1094 3620; x_wconf 80' lang='lat' dir='ltr'><strong>Atque</strong></span> <span class='ocrx_word' id='word_1_215' title='bbox 1111 3536 1176 3601; x_wconf 85' lang='lat' dir='ltr'><strong>lroc</strong></span> 
     </span>
     <span class='ocr_line' id='line_1_30' title="bbox 138 3645 1174 3733; baseline 0.003 -23"><span class='ocrx_word' id='word_1_216' title='bbox 138 3645 229 3711; x_wconf 92' lang='lat' dir='ltr'><strong>scitis</strong></span> <span class='ocrx_word' id='word_1_217' title='bbox 254 3664 384 3724; x_wconf 89' lang='lat' dir='ltr'><strong>omnes,</strong></span> <span class='ocrx_word' id='word_1_218' title='bbox 409 3664 518 3731; x_wconf 91' lang='lat' dir='ltr'><strong>usque</strong></span> <span class='ocrx_word' id='word_1_219' title='bbox 542 3646 629 3713; x_wconf 89' lang='lat' dir='ltr'><strong>adeo</strong></span> <span class='ocrx_word' id='word_1_220' title='bbox 654 3648 826 3713; x_wconf 95' lang='lat' dir='ltr'><strong>hominem</strong></span> <span class='ocrx_word' id='word_1_221' title='bbox 843 3650 877 3713; x_wconf 94' lang='lat' dir='ltr'><strong>in</strong></span> <span class='ocrx_word' id='word_1_222' title='bbox 894 3649 1042 3733; x_wconf 89' lang='lat' dir='ltr'><strong>periculo</strong></span> <span class='ocrx_word' id='word_1_223' title='bbox 1059 3649 1174 3726; x_wconf 90' lang='lat' dir='ltr'><strong>fuisse,</strong></span> 
     </span>
     <span class='ocr_line' id='line_1_31' title="bbox 137 3756 1175 3844; baseline 0.002 -21"><span class='ocrx_word' id='word_1_224' title='bbox 137 3757 252 3842; x_wconf 89' lang='lat' dir='ltr'><strong>quoad</strong></span> <span class='ocrx_word' id='word_1_225' title='bbox 276 3759 396 3824; x_wconf 88' lang='lat' dir='ltr'><strong>scitum</strong></span> <span class='ocrx_word' id='word_1_226' title='bbox 414 3761 464 3823; x_wconf 87' lang='lat' dir='ltr'><strong>cst</strong></span> <span class='ocrx_word' id='word_1_227' title='bbox 481 3756 628 3824; x_wconf 90' lang='lat' dir='ltr'><strong>Sestium</strong></span> <span class='ocrx_word' id='word_1_228' title='bbox 644 3761 764 3826; x_wconf 86' lang='lat' dir='ltr'><strong>vivere.</strong></span> <span class='ocrx_word' id='word_1_229' title='bbox 804 3760 907 3841; x_wconf 92' lang='lat' dir='ltr'><strong>Quod</strong></span> <span class='ocrx_word' id='word_1_230' title='bbox 925 3762 958 3825; x_wconf 95' lang='lat' dir='ltr'><strong>ni</strong></span> <span class='ocrx_word' id='word_1_231' title='bbox 978 3763 1068 3826; x_wconf 92' lang='lat' dir='ltr'><strong>esset</strong></span> <span class='ocrx_word' id='word_1_232' title='bbox 1084 3763 1175 3844; x_wconf 90' lang='lat' dir='ltr'><strong>pate-</strong></span> 
     </span>
     <span class='ocr_line' id='line_1_32' title="bbox 136 3868 1173 3956; baseline 0.002 -22"><span class='ocrx_word' id='word_1_233' title='bbox 136 3868 260 3935; x_wconf 86' lang='lat' dir='ltr'><strong>factum</strong></span> <span class='ocrx_word' id='word_1_234' title='bbox 296 3870 398 3954; x_wconf 92' lang='lat' dir='ltr'><strong>paulo</strong></span> <span class='ocrx_word' id='word_1_235' title='bbox 436 3871 533 3937; x_wconf 92' lang='lat' dir='ltr'><strong>citius</strong></span> <span class='ocrx_word' id='word_1_236' title='bbox 562 3890 664 3956; x_wconf 92' lang='lat' dir='ltr'><strong>quam</strong></span> <span class='ocrx_word' id='word_1_237' title='bbox 692 3873 826 3951; x_wconf 89' lang='lat' dir='ltr'><strong>vellem,</strong></span> <span class='ocrx_word' id='word_1_238' title='bbox 862 3892 931 3938; x_wconf 94' lang='lat' dir='ltr'><strong>non</strong></span> <span class='ocrx_word' id='word_1_239' title='bbox 960 3872 1006 3937; x_wconf 93' lang='lat' dir='ltr'><strong>illi</strong></span> <span class='ocrx_word' id='word_1_240' title='bbox 1035 3872 1173 3956; x_wconf 89' lang='lat' dir='ltr'><strong>quidem</strong></span> 
     </span>
     <span class='ocr_line' id='line_1_33' title="bbox 137 3983 1179 4069; baseline 0.001 -22"><span class='ocrx_word' id='word_1_241' title='bbox 137 3984 244 4048; x_wconf 91' lang='lat' dir='ltr'><strong>morte</strong></span> <span class='ocrx_word' id='word_1_242' title='bbox 272 3983 488 4048; x_wconf 91' lang='lat' dir='ltr'><strong>mercennarii</strong></span> <span class='ocrx_word' id='word_1_243' title='bbox 513 3984 565 4048; x_wconf 92' lang='lat' dir='ltr'><strong>sui</strong></span> <span class='ocrx_word' id='word_1_244' title='bbox 589 3985 763 4050; x_wconf 87' lang='lat' dir='ltr'><strong>transferre</strong></span> <span class='ocrx_word' id='word_1_245' title='bbox 788 3985 979 4069; x_wconf 91' lang='lat' dir='ltr'><strong>potuissent</strong></span> <span class='ocrx_word' id='word_1_246' title='bbox 1002 3984 1179 4060; x_wconf 88' lang='lat' dir='ltr'><strong>invidiam,</strong></span> 
     </span>
    </p>
   </div>
   <div class='ocr_carea' id='block_1_3' title="bbox 0 0 1328 4446">
    <p class='ocr_par' dir='ltr' id='par_1_3' title="bbox 0 0 1328 4446">
     <span class='ocr_line' id='line_1_34' title="bbox 0 0 1328 4446; baseline 0 0"><span class='ocrx_word' id='word_1_247' title='bbox 0 0 1328 4446; x_wconf 95' lang='lat' dir='ltr'><strong> </strong></span> 
     </span>
    </p>
   </div>
  </div>
 </body>
</html>
