2648 4446
167 315 209 381 42
399 313 469 375 PRO
488 311 517 366 P.
536 312 656 368 SESTIO
675 311 808 372 ORATIO
827 311 845 380 §
863 309 973 366 82—85.

169 505 203 570 in
231 521 318 588 quos
346 501 520 588 putabant,
549 501 610 568 sed
638 499 844 568 acerbissimi
874 498 1007 566 sceleris
1031 499 1204 566 infamiam

116 624 151 680 83
169 618 265 702 grato
289 614 438 700 quodam
463 614 587 680 scelere
611 612 822 679 minuissent.
867 610 914 678 llc
937 612 966 678 si
989 615 1060 678 tum
1085 613 1120 678 P.
1146 612 1205 680 Se·

167 729 262 807 atius,
286 726 424 805 iudices,
457 725 643 811 intemplo
667 724 816 792 Castoris
840 724 999 803 animam,
1023 743 1126 810 quam
1150 727 1207 792 vix

167 839 311 918 retinuit,
335 838 507 918 edidisset,
533 856 602 904 non
626 836 756 916 dubito,
781 837 873 922 quin,
898 838 926 902 si
943 836 1048 904 modo
1065 839 1156 902 esset
1172 838 1206 903 in

167 971 200 1018 re
235 950 369 1035 publica
404 952 552 1029 senatus,
587 951 615 1016 si
651 950 809 1016 maiestas
837 948 956 1035 populi
984 948 1127 1022 Romani
1156 968 1205 1016 re-

165 1064 313 1146 vixisset,
337 1062 522 1148 aliquando
545 1065 654 1129 statua
677 1063 755 1129 huic
771 1060 816 1128 ob
833 1080 902 1128 rem
919 1061 1089 1147 publicam
1106 1063 1206 1129 inter-

167 1177 253 1244 lecto
277 1176 310 1241 in
333 1176 406 1243 toro
431 1176 638 1241 statueretur.
677 1174 748 1241 Nec
762 1193 843 1241 vero
860 1174 992 1242 illorum
1010 1176 1204 1260 quisquam,

168 1307 256 1374 quos
284 1307 302 1354 a
331 1287 516 1354 maioribus
539 1287 662 1353 nostris
687 1289 793 1353 morte
816 1286 907 1354 obita
931 1287 1063 1372 positos
1087 1287 1121 1352 in
1147 1287 1206 1355 illo

167 1401 243 1469 loco
266 1403 368 1486 atque
391 1401 425 1465 in
449 1400 564 1466 rostris
580 1400 763 1467 collocatos
778 1399 911 1479 videtis,
936 1402 1026 1466 esset
1041 1399 1076 1465 P.
1094 1398 1207 1467 Sestio

168 1514 227 1579 aut
249 1511 426 1578 acerbitate
450 1513 566 1578 mortis
583 1515 641 1578 aut
656 1512 770 1578 animo
787 1512 821 1577 in
837 1530 906 1577 rem
924 1511 1094 1597 publicam
1110 1530 1206 1597 prae-

169 1623 364 1711 ponendus:
393 1625 451 1709 qui
475 1643 551 1690 cum
575 1642 712 1690 causam
736 1625 818 1690 civis
841 1624 1039 1703 calamitosi,
1066 1641 1206 1689 causam

170 1736 277 1815 amici,
301 1754 438 1802 causam
455 1736 542 1802 bene
559 1735 601 1802 de
618 1755 651 1802 re
669 1735 803 1820 publica
820 1735 937 1815 meriti,
954 1753 1091 1802 causam
1108 1753 1207 1801 sena-

170 1852 234 1928 tus,
263 1866 399 1914 causam
423 1847 545 1927 Italiae,
573 1866 710 1914 causam
739 1848 785 1913 rei
809 1846 964 1932 publicae
999 1848 1208 1933 suscepisset

169 1979 314 2046 cumque
327 1960 487 2045 auspiciis
500 1959 723 2044 religionique
737 1977 858 2044 parens
871 1958 1094 2039 obnuntiaret,
1111 1958 1206 2044 quod

169 2075 327 2151 senserat,
362 2072 436 2139 luce
470 2073 581 2157 palam
610 2091 628 2138 a
657 2071 790 2137 nelariis
819 2069 971 2155 pestibus
999 2071 1033 2136 in
1063 2069 1206 2137 deorum

170 2185 415 2270 hominumque
443 2186 627 2269 conspectu
656 2186 747 2250 esset
774 2183 906 2250 occisus
934 2182 1149 2249 sanctissimo
1172 2182 1206 2248 in

168 2297 307 2383 templo,
342 2297 552 2363 sanctissima
587 2297 620 2362 in
648 2314 760 2374 causa,
796 2296 1009 2362 sanctissimo
1037 2295 1071 2360 in
1099 2295 1206 2380 magi-

170 2412 282 2476 stratu.
328 2410 409 2475 Eius
432 2410 533 2494 igitur
554 2409 657 2476 vitam
679 2409 859 2493 quisquam
878 2406 1090 2492 spoliandam
1108 2425 1206 2474 orna·

168 2520 290 2587 mentis
306 2539 382 2587 esse
398 2521 495 2601 dicet,
511 2521 608 2586 cuius
624 2523 766 2586 mortem
783 2519 969 2586 ornandam
982 2522 1207 2586 monumento

169 2633 373 2719 sempiterno
397 2633 580 2718 putaretis?

116 2753 152 2810 84
253 2738 453 2825 ‘Homines'‚
473 2745 591 2829 inquii,
607 2743 740 2824 ‘emisti
756 2744 907 2829 coegisti,
924 2736 1070 2830 parasti.³
1108 2741 1206 2818 Quid

170 2857 222 2924 uti
244 2857 404 2925 taceret?
429 2859 583 2924 senatum
608 2856 787 2936 obsideret,
812 2857 901 2922 cives
918 2855 1133 2922 indemnatos
1150 2872 1206 2921 ex·

170 2969 316 3055 pelleret,
340 2969 431 3037 bona
447 2969 613 3054 diriperet,
637 2968 740 3035 aedes
756 2967 958 3046 incenderet,
982 2969 1068 3033 tecta
1084 2966 1205 3033 distur-

169 3081 271 3161 baret,
306 3081 431 3167 templa
460 3081 599 3149 deorum
628 3081 866 3148 immortalium
890 3079 1122 3158 inflammaret,
1150 3079 1205 3144 tri·

170 3194 282 3261 bunos
310 3194 354 3280 pl.
383 3194 511 3260 terroe
541 3194 655 3261 rostris
683 3192 873 3279 expelleret,
902 3192 1091 3278 provincias
1119 3209 1206 3277 quas

171 3307 272 3373 vellet
294 3306 419 3392 quibus
439 3305 540 3373 vellet
562 3305 730 3384 venderet,
755 3322 851 3390 reges
874 3304 1067 3390 appellaret,
1095 3321 1205 3370 rerum

172 3420 364 3505 capitalium
388 3417 633 3486 condemnatos
656 3418 690 3483 in
714 3417 835 3484 liberas
858 3417 1009 3483 civitates
1032 3434 1092 3501 per
1114 3415 1206 3502 lega·

167 3534 221 3599 tos
244 3533 378 3598 nostros
400 3530 581 3609 reduceret,
606 3530 790 3616 principem
813 3529 954 3596 civitatis
977 3528 1063 3595 terro
1086 3527 1205 3595 obses·

168 3662 244 3710 sum
266 3644 414 3710 teneret?
452 3643 545 3709 Haec
568 3644 604 3708 ut
626 3642 756 3708 eliicere
780 3643 906 3727 posset,
935 3659 1022 3727 quae
1045 3639 1116 3706 lieri
1140 3640 1205 3706 nisi

169 3756 270 3824 armis
298 3774 460 3842 oppressa
488 3775 522 3822 re
551 3755 685 3841 publica
713 3754 807 3821 nullo
835 3753 939 3821 modo
963 3754 1127 3839 poterant,
1155 3752 1206 3818 id·

169 3870 265 3949 circo,
294 3867 404 3943 credo,
433 3885 570 3933 manum
599 3867 663 3933 sibi
691 3867 727 3932 Ρ.
752 3865 881 3932 Sestius
909 3868 942 3932 et
968 3865 1085 3951 copias
1112 3882 1205 3932 com·

118 3983 306 4066 85paravit.
336 4018 380 4027 -
407 3978 463 4047 ‘nt
496 3978 667 4046 nondum
701 3981 771 4045 erat
804 3978 1015 4053 maturum,
1051 3976 1205 4045 nondum
