2648 4446
336 318 406 380 PRO
425 317 453 372 P.
474 317 593 373 SESTIO
613 315 746 375 ORATIO
763 315 782 384 §
799 314 911 370 53-54.
1099 314 1141 380 27

192 510 259 578 Sed
298 513 335 576 ut
371 512 515 576 revertar
551 507 593 575 ad
628 506 721 587 illud,
760 506 853 592 quod
888 506 970 571 milri
1008 506 1042 571 in
1080 505 1194 570 hac53

107 624 200 691 omni
225 626 275 690 est
298 623 451 690 oratione
475 621 698 706 propositum,
727 623 860 684 omnibus
882 621 970 683 malis
992 620 1044 682 illo
1065 638 1143 681 anno

108 740 230 801 scelere
252 738 410 801 consulum
432 737 669 818 rempublicam
692 755 763 798 esse
786 735 969 807 coniectum,
997 730 1142 814 primurn

107 847 164 915 illo
188 849 264 933 ipso
296 847 362 925 die,
394 846 452 931 qui
476 846 557 911 mibi
581 845 734 911 funestus
757 843 828 923 luit,
856 842 1015 909 omnibus
1042 841 1143 908 bonis

106 959 291 1039 luctuosus
330 977 406 1025 cunr
442 977 507 1043 ego
545 976 599 1023 me
634 976 653 1022 e
687 956 864 1042 complexu
901 956 1025 1040 patriae
1063 973 1142 1022 con-

108 1075 295 1157 spectuque
323 1074 434 1138 vestro
463 1071 662 1156 eripuissem
691 1072 724 1135 et
751 1071 842 1136 metu
868 1068 969 1135 vestri
996 1067 1143 1153 periculi,

108 1203 178 1251 non
195 1185 271 1263 mei,
293 1184 394 1251 lurori
411 1183 568 1263 hominis,
593 1182 718 1262 sceleri,
742 1181 913 1267 perfidiae,
936 1180 1012 1247 telis
1029 1181 1143 1247 minis-

109 1314 177 1382 que
204 1297 382 1364 cessissem
407 1297 627 1381 patriamque,
656 1295 848 1380 quaemihi
873 1297 941 1360 erat
963 1294 1144 1373 carissima,

110 1412 246 1495 propter
282 1411 391 1494 ipsius
430 1410 556 1494 patriae
593 1409 762 1474 caritatem
800 1407 1027 1492 reliquissem,
1067 1425 1142 1472 curn

110 1539 223 1588 meum
248 1522 341 1587 illurn
366 1540 482 1588 casum
505 1523 573 1587 tam
592 1519 795 1599 horribilem,
820 1521 887 1584 tam
905 1537 1052 1604 gravem,
1074 1521 1144 1584 tarn

107 1635 319 1719 repentinum
348 1652 417 1701 non
445 1632 555 1701 solum
584 1618 750 1712 homines,
785 1631 845 1698 sed
874 1635 959 1699 tecta
989 1631 1081 1698 urbis
1107 1651 1145 1698 ac

107 1746 234 1832 templa
257 1747 420 1832 lugerent,
444 1764 546 1813 nemo
568 1749 716 1813 vestrum
739 1746 859 1825 lorum,
884 1763 985 1812 nemo
1009 1746 1144 1824 curiam,

109 1878 211 1926 nemo
245 1860 354 1926 lucem
379 1860 529 1945 aspicere
555 1859 669 1927 vellet:
704 1858 772 1938 illo,
804 1860 954 1943 inquam,
978 1859 1054 1944 ipso
1081 1858 1146 1939 die,

107 1971 164 2037 die
198 1972 297 2039 dico?
331 1973 437 2039 immo
462 1973 543 2040 hora
573 1974 675 2057 atque
703 1972 803 2038 etiam
832 1974 968 2057 puncto
985 1972 1147 2056 temporis

108 2083 231 2150 eodem
268 2085 349 2150 mibi
385 2085 499 2169 reique
534 2084 688 2169 publicae
723 2084 897 2169 pernicies,
934 2083 1081 2150 Gabinio
1116 2086 1149 2149 et

110 2194 225 2260 Pisoni
260 2195 455 2276 provincia
488 2198 604 2280 rogata
639 2198 699 2262 est.
744 2195 808 2262 Pro
843 2195 897 2262 dei
931 2195 1147 2274 immortales,

109 2305 268 2373 custodes
297 2310 331 2373 et
357 2310 609 2374 conservatores
637 2308 738 2373 huius
765 2307 857 2373 urbis
880 2310 981 2392 atque
1004 2308 1146 2392 imperii,

107 2438 277 2504 quaenam
312 2419 369 2487 illa
404 2421 438 2485 in
473 2439 507 2487 re
542 2420 677 2505 publica
712 2423 869 2499 monstra,
905 2438 992 2505 quae
1023 2421 1147 2488 scelera

107 2532 252 2599 vidistis!
289 2532 381 2600 Civis
406 2537 474 2599 erat
497 2533 658 2618 expulsus
681 2533 720 2612 is,
745 2534 895 2617 quirem
920 2533 1089 2619 publicam
1107 2552 1148 2598 ex

111 2648 249 2711 senatus
284 2647 480 2712 auctoritate
513 2665 590 2712 cum
624 2645 784 2713 omnibus
815 2645 915 2712 bonis
943 2645 1147 2724 defenderat,

109 2760 143 2827 et
177 2758 339 2842 expulsus
377 2777 445 2824 non
480 2758 546 2825 alio
576 2759 700 2843 aliquo,
736 2758 796 2825 sed
825 2776 866 2824 eo
894 2759 970 2842 ipso
999 2758 1146 2824 crimine,

112 2868 189 2934 Erat
211 2873 322 2936 autem
347 2870 508 2956 expulsus
532 2872 604 2938 sine
622 2871 756 2949 iudicio,
779 2871 823 2949 vi,
847 2869 1027 2955 lapidibus,
1051 2871 1147 2949 lerr0,

111 2981 248 3047 servitio
283 2983 431 3068 denique
464 2984 645 3062 concitat03
679 2982 733 3048 lex
760 2985 829 3048 erat
854 2981 920 3048 lata
949 2985 1080 3048 vastato
1110 3001 1148 3048 ac

114 3091 228 3159 relicto
261 3094 334 3160 loro
368 3097 401 3160 et
435 3096 560 3162 sicariis
591 3095 764 3180 servisque
791 3094 922 3174 tradito,
958 3097 990 3160 et
1017 3113 1055 3160 ea
1085 3094 1147 3173 lex,

110 3224 200 3288 quae
224 3207 260 3270 ut
284 3224 326 3271 ne
349 3207 493 3287 terretur,
518 3210 655 3274 senatus
670 3208 776 3273 iuerat
790 3209 884 3273 veste
901 3210 1037 3274 mutata.
1076 3207 1148 3273 Hac
1165 3214 1200 3270 54

111 3319 204 3383 tanta
233 3317 483 3402 perturbatione
510 3320 652 3386 civitatis
680 3339 721 3385 ne
749 3322 881 3385 noctem
907 3320 1044 3404 quidem
1069 3337 1147 3385 con·

111 3430 203 3496 sules
227 3431 312 3497 inter
334 3449 448 3496 meum
465 3432 631 3497 interitum
650 3435 683 3498 et
698 3451 794 3498 suam
811 3432 971 3517 praedam
988 3432 1148 3497 interesse

111 3543 204 3628 passi
228 3545 320 3609 sunt:
352 3545 463 3611 statim
488 3563 542 3610 me
565 3544 719 3629 perculso
743 3545 786 3610 ad
810 3562 922 3610 meum
948 3544 1147 3628 sanguinem

115 3654 336 3722 hauriendum
376 3659 408 3722 et
446 3657 593 3742 spirante
627 3657 728 3723 etiam
763 3675 796 3722 re
830 3656 964 3741 publica
998 3655 1041 3722 ad
1076 3656 1149 3722 eius

113 3766 224 3851 spolia
248 3768 453 3835 detrahenda
469 3769 720 3836 advolaverunt.
752 3768 882 3836 Omitto
899 3769 1149 3854 gratulationes,

111 3879 242 3963 epulas,
265 3882 477 3966 partitionem
502 3883 628 3960 aerarii,
653 3881 826 3961 beneficia,
848 3901 954 3967 spem,
972 3882 1148 3967 promissa,

112 3991 283 4076 praedam,
307 3992 466 4061 laetitiam
491 4013 675 4080 paucorum
692 3995 728 4061 in
742 3994 836 4061 luctu
850 3995 1030 4070 omniurn,
1042 4010 1161 4056 vena-
