2648 4446
311 324 381 386 PRO
399 323 428 380 P.
448 323 567 380 SESTIO
587 323 719 384 ORATIO
738 325 756 392 ξ
773 323 885 379 65-67.
1071 326 1114 392 33

79 517 176 582 cuius
199 515 293 582 modi
309 516 405 602 civis)
423 518 455 581 et
478 514 520 581 de
536 515 637 582 bonis
653 514 852 598 proscriptio
868 514 1014 594 tenetur,
1037 533 1112 581 cum

78 631 111 694 et
134 627 269 695 sacratis
293 626 428 712 legibus
452 630 484 693 et
505 626 561 692 Xll
581 625 705 693 tabulis
728 628 879 692 sanctum
897 628 996 705 esset,
1020 630 1113 695 utne

78 739 131 805 cui
167 739 381 824 privilegium
417 739 554 824 irrogari
588 737 701 804 liceret
729 755 814 803 neve
844 737 886 802 de
914 739 1022 824 capite
1050 740 1114 807 nisi

78 851 224 919 comitiis
258 851 450 917 centuriatis
483 851 602 936 rogari,
635 849 742 917 nulla
775 869 851 917 vox
885 854 944 917 est
978 851 1114 919 audita

78 963 292 1030 consulum
316 964 603 1048 constitutumque
628 966 678 1028 est
701 961 759 1030 illo
775 981 875 1043 anno,
900 965 1114 1048 quantumin

71 1074 145 1141 illis
169 1074 303 1141 duabus
325 1075 425 1141 huius
442 1075 572 1160 imperii
589 1075 742 1160 pestibus
757 1076 829 1155 iuit,
853 1077 923 1141 iure
939 1093 1042 1161 posse
1057 1094 1116 1162 per

80 1204 202 1271 operas
235 1187 418 1254 concitatas
447 1188 603 1272 quemvis
631 1187 737 1253 civem
766 1188 964 1255 nominatim
991 1189 1114 1255 tribuni

77 1299 121 1382 pl.
146 1299 289 1366 concilio
314 1318 354 1365 ex
378 1300 512 1366 civitate
536 1299 724 1365 exturbari?

164 1411 262 1492 Quae
285 1429 366 1478 vero
385 1409 651 1495 promulgata
674 1411 731 1478 illo
755 1430 845 1478 anno
868 1413 998 1492 tuerint,
1027 1432 1113 1498 quae
1131 1422 1166 1476 66

73 1526 283 1607 promissa
298 1523 424 1603 multis
445 1541 533 1608 quae
549 1524 747 1609 conscripta,
764 1542 852 1608 quae
869 1526 1010 1610 sperata,
1027 1544 1114 1610 quae

77 1636 234 1720 cogitata,
259 1636 341 1721 quid
365 1635 498 1701 dicam?
531 1634 600 1715 Qui
623 1635 718 1702 locus
742 1636 814 1703 orbi
837 1639 942 1703 terrae
962 1637 1028 1704 iarn
1045 1656 1113 1704 non

78 1749 148 1812 erat
177 1748 275 1814 alicui
304 1747 513 1814 destinatus?
546 1748 641 1814 cuius
665 1748 792 1833 negotii
817 1748 941 1833 publici
965 1751 1113 1836 cogitari,

79 1858 197 1942 optari,
225 1859 309 1944 iingi
337 1860 464 1926 curatio
494 1860 614 1945 potuit,
643 1878 731 1944 quae
754 1879 823 1927 non
847 1864 937 1928 esset
959 1862 1113 1929 attributa

78 1973 180 2055 atque
211 1971 391 2057 discripta?
425 1971 519 2056 quod
549 1990 659 2056 genus
687 1972 817 2057 imperii
845 1976 902 2039 aut
928 1992 1015 2058 quae
1038 1994 1112 2061 pro·

77 2082 198 2162 vincia,
223 2102 310 2168 quae
333 2084 417 2149 ratio
441 2086 498 2149 aut
512 2083 646 2149 flandae
663 2088 720 2150 aut
735 2084 935 2151 conflandae
951 2088 1114 2171 pecuniae

80 2212 150 2260 non
185 2194 433 2279 reperiebatur?
471 2214 557 2280 quae
592 2197 686 2280 regio
720 2215 819 2263 orave
853 2200 1011 2262 terrarum
1047 2203 1115 2264 erat

79 2305 186 2385 latior,
216 2306 249 2370 in
274 2324 341 2391 qua
365 2325 434 2373 non
458 2326 599 2392 regnum
624 2308 762 2392 aliquod
786 2311 1004 2375 statueretur?
1039 2311 1114 2394 quis

79 2419 192 2482 autem
217 2435 275 2483 rex
297 2420 375 2497 erat,
400 2419 458 2503 qui
482 2419 540 2485 illo
564 2438 654 2485 anno
678 2439 746 2485 non
768 2423 825 2485 aut
840 2421 1022 2487 emendum
1039 2422 1113 2502 sibi,

79 2529 172 2614 quod
202 2548 271 2596 non
301 2530 456 2610 habebat,
484 2534 541 2598 aut
569 2532 813 2610 redimendum,
842 2533 934 2618 quod
958 2535 1113 2614 habebat,

79 2641 312 2708 arbitraretur?
352 2643 428 2727 quis
463 2644 680 2728 provinciam,
715 2646 792 2729 quis
820 2647 1008 2730 pecuniam,
1037 2648 1114 2732 quis

78 2754 283 2838 legationem
315 2774 334 2820 a
357 2759 475 2822 senatu
500 2756 656 2841 petebat?
700 2756 876 2823 Damnatis
900 2758 942 2824 de
965 2759 997 2824 vi
1021 2760 1112 2824 resti-

79 2867 174 2945 tutio,
209 2867 405 2934 consulatus
440 2869 557 2953 petitio
592 2869 656 2954 ipsi
691 2869 737 2934 illi
767 2870 920 2954 populari
949 2870 1112 2937 sacerdoti

79 2978 344 3062 comparabatur.
397 2979 490 3047 Haec
517 2980 699 3065 gemebant
727 2980 822 3060 boni,
846 2983 1026 3067 sperabant
1053 2983 1112 3049 im-

79 3088 188 3174 probi,
214 3090 336 3175 agebat
358 3092 513 3158 tribunus
537 3093 597 3177 pi:
621 3094 778 3159 consules
802 3094 1015 3161 adiuvabant.

166 3424 230 3490 Hic
246 3424 440 3511 aliquando,
457 3428 563 3492 serius
590 3446 692 3512 quam
709 3429 782 3514 ipse
797 3429 906 3508 vellet,
924 3428 989 3497 Cn.
1006 3430 1113 3497 Pom·
1130 3440 1165 3495 67

78 3536 183 3616 peius
221 3537 430 3604 invitissimis
463 3538 519 3618 iis,
554 3540 611 3623 qui
647 3543 793 3606 mentem
832 3541 950 3626 optimi
984 3561 1022 3609 ac
1048 3543 1112 3610 ior-

79 3647 200 3713 tissimi
227 3649 287 3715 viri
312 3651 382 3715 suis
405 3650 554 3716 consiliis
577 3651 730 3736 fictisque
754 3653 933 3718 terroribus
957 3674 975 3720 a
999 3655 1112 3721 deien-

79 3760 176 3826 sione
211 3779 306 3827 meae
336 3761 453 3828 salutis
485 3766 680 3842 averterant,
715 3765 869 3831 excitavit
896 3766 984 3832 iilam
1016 3786 1110 3834 suam

80 3889 149 3937 non
178 3873 334 3958 sopitam,
370 3874 430 3938 sed
459 3876 653 3960 suspicione
677 3876 789 3962 aliqua
813 3877 1009 3945 retardatam
1033 3898 1111 3946 con-

80 3984 295 4051 suetudinem
330 3986 375 4050 rei
412 3986 567 4070 publicae
601 3989 689 4055 bene
722 3990 905 4075 gerendae.
950 3991 1040 4056 bion
1068 3996 1128 4053 es&

127 4100 211 4150 Cicero,
224 4113 267 4156 pro
280 4103 360 4148 Sestio.
391 4106 453 4150 Text.
948 4108 973 4160 ’ᾗ
