2648 4446
341 335 411 398 PRO
430 334 458 389 P.
478 334 598 391 SESTIO
617 334 750 396 ORATIO
769 335 787 404 §
808 334 950 390 lul-126.
1123 336 1161 402 61

133 525 267 591 nriliens
294 527 485 592 revocatum
514 528 573 592 est.
623 525 789 592 Parumne
815 525 992 592 videbatur
1018 525 1167 611 populus

132 635 306 710 Romanus
334 637 480 704 iudicare
508 637 542 703 id
569 657 588 703 a
616 656 671 704 nre
697 640 731 704 et
758 657 776 703 a
804 640 923 705 senatu
945 656 1021 705 esse
1044 639 1166 704 consti·

133 751 252 828 tutum,
280 749 372 834 quod
397 749 516 836 perditi
540 751 629 816 cives
653 749 824 815 sublatum
848 767 907 834 per
929 767 992 815 nos
1015 748 1166 816 crimina-

132 861 275 928 bantur?

218 975 405 1041 Nlaximum
429 992 508 1041 vero
532 974 650 1060 populi
671 974 813 1048 Ronrani
837 974 997 1041 iudicium
1022 973 1167 1041 universi
1189 980 1238 1036 124

137 1104 300 1154 consessu
320 1086 534 1172 gladiatorio
559 1086 762 1153 declaratum
786 1089 845 1152 est.
884 1086 961 1152 Erat
983 1087 1073 1152 eninr
1097 1104 1168 1152 mu·

140 1217 204 1265 nus
228 1198 396 1286 Scipionis
424 1199 565 1284 dignum
594 1202 627 1265 et
654 1217 696 1265 eo
720 1199 795 1284 ipso
819 1201 852 1266 et
874 1199 932 1265 illo
955 1199 997 1280 Q.
1021 1199 1169 1277 Metello,

137 1313 190 1378 cui
218 1312 368 1379 dabatur.
420 1311 455 1376 ld
483 1313 596 1377 autem
626 1311 806 1397 spectaculi
833 1329 942 1396 genus
970 1313 1048 1390 erat,
1077 1310 1169 1396 quod

136 1425 229 1490 onrni
252 1424 437 1509 frequentia
461 1425 562 1508 atque
586 1424 679 1489 omni
695 1440 817 1508 genere
834 1423 1010 1489 hominum
1026 1423 1170 1490 celebra-

135 1537 197 1615 tur,
221 1554 290 1620 quo
314 1534 494 1601 multitudo
518 1535 662 1600 maxime
683 1535 873 1602 delectatur.
915 1534 950 1599 ln
977 1536 1066 1601 hunc
1092 1553 1170 1602 con·

138 1664 270 1714 sessum
286 1647 321 1713 P.
340 1646 469 1714 Sestius
492 1647 646 1713 tribunus
670 1647 725 1733 pl,
748 1665 824 1713 curn
849 1649 963 1732 ageret
982 1647 1063 1712 nihil
1080 1647 1170 1713 aliud

140 1758 175 1825 in
190 1777 232 1826 eo
249 1760 445 1844 magistratu
462 1759 525 1825 nisi
543 1777 653 1826 rnearn
669 1777 816 1838 causanr,
837 1760 928 1826 venit
944 1762 975 1825 et
991 1778 1027 1827 se
1044 1759 1172 1845 populo

141 1870 233 1937 dedit
256 1889 324 1936 non
346 1871 486 1957 plausus
502 1871 694 1957 cupiditate,
718 1871 778 1936 sed
795 1873 832 1936 ut
847 1871 911 1957 ipsi
927 1872 1052 1938 ininrici
1069 1872 1172 1938 nostri

140 1982 348 2049 voluntatem
373 1984 519 2049 universi
543 1983 661 2068 populi
683 1982 843 2049 viderent.
881 1982 989 2062 Venit,
1014 1985 1050 2048 ut
1073 1983 1172 2063 scitis,

139 2113 158 2160 a
190 2095 346 2161 columna
373 2095 523 2161 Maenia:
558 2097 670 2161 tantus
704 2097 755 2161 est
789 2114 830 2161 ex
857 2095 1016 2161 omnibus
1044 2098 1172 2181 specta-

141 2207 224 2273 culis
248 2226 356 2293 usque
380 2207 595 2292 aCapitolio,
620 2209 730 2274 tantus
754 2226 795 2273 ex
817 2207 878 2273 fori
902 2207 1057 2273 cancellis
1080 2208 1173 2293 plau-

142 2336 200 2385 sus
223 2320 394 2399 excitatuS,
418 2323 454 2386 ut
477 2338 662 2404 nurnquanr
687 2321 793 2386 rnaior
812 2320 991 2386 consensio
1008 2322 1065 2385 aut
1081 2338 1173 2405 aper-

143 2430 207 2497 tior
243 2432 361 2518 populi
395 2432 538 2505 Romani
577 2433 721 2498 universi
759 2432 863 2499 fuisse
901 2432 967 2498 ulla
1005 2433 1039 2497 in
1073 2450 1174 2498 causa

143 2542 314 2611 diceretur.
352 2544 420 2611 Ubi
443 2548 536 2611 erant
557 2551 629 2611 tuni
652 2544 699 2610 illi
722 2545 919 2611 contionum
936 2544 1173 2622 moderatores,
1195 2550 1243 2607 125

143 2655 257 2740 legum
281 2656 420 2736 dornini,
444 2657 566 2723 civium
591 2658 809 2742 expulsores?
833 2657 962 2723 aliusne
986 2659 1036 2722 est
1053 2655 1174 2740 aliquis

49 2761 54 2769 ’
143 2767 306 2853 improbis
333 2769 462 2835 civibus
491 2769 667 2854 peculiaris
697 2769 856 2855 populus,
883 2769 936 2834 cui
965 2787 1027 2834 nos
1055 2768 1174 2833 offensi

143 2881 310 2966 invisique
326 2882 511 2948 fuerimus?
541 2882 707 2967 Equidern
725 2882 879 2948 existimo
896 2881 1024 2947 nullunr
1041 2883 1175 2965 tempus

145 3010 220 3059 esse
243 2994 476 3077 frequentioris
500 2995 618 3080 populi
642 3013 744 3080 quarn
769 2994 850 3060 illud
869 2993 1103 3078 gladiatorium
1120 3011 1175 3058 ne-

146 3122 211 3189 que
235 3106 402 3170 contionis
427 3106 527 3171 ullius
551 3125 662 3191 neque
685 3124 764 3172 vero
788 3105 932 3172 ullorum
955 3105 1176 3171 cornitiorunr.

146 3216 239 3282 Haec
267 3217 367 3300 igitur
393 3218 646 3284 innumerabilis
674 3219 850 3285 horninunr
877 3217 1067 3296 multitudo,
1095 3218 1177 3282 haec

148 3329 265 3414 populi
294 3328 437 3401 Romani
470 3332 561 3395 tanta
596 3331 796 3414 significatio
827 3332 899 3397 sine
927 3330 993 3395 ulla
1021 3330 1177 3395 varietate

146 3441 302 3521 universi,
337 3460 413 3507 curn
440 3441 505 3507 illis
529 3443 612 3527 ipsis
636 3442 756 3508 diebus
780 3442 822 3508 de
846 3461 900 3508 me
923 3445 1033 3508 actum
1056 3441 1093 3506 iri
1116 3458 1177 3526 pu-

144 3554 277 3634 taretur,
300 3554 381 3639 quid
399 3554 576 3621 declaravit
593 3555 656 3620 nisi
673 3557 877 3640 optimorum
897 3555 1018 3620 civium
1036 3553 1177 3620 salutenr

147 3666 180 3730 et
207 3666 404 3750 dignitatem
434 3667 563 3753 populo
586 3667 740 3740 Romano
767 3685 877 3732 caram
901 3684 976 3732 esse
1000 3667 1179 3732 universo?

143 3813 186 3822 —
209 3775 252 3842 nt
278 3797 357 3845 vero
385 3779 440 3845 ille
468 3781 609 3864 praetor,
644 3779 702 3862 qui
732 3778 774 3843 de
798 3796 852 3842 nie
876 3796 944 3843 non
969 3778 1080 3862 patris,
1115 3779 1248 3856 avi,126

147 3888 275 3972 proavi,
299 3890 462 3956 maiorum
488 3890 635 3975 denique
658 3907 796 3955 suorum
814 3889 976 3967 oninium,
1000 3887 1060 3954 sed
1077 3886 1178 3954 Grae·

147 4000 298 4067 culorum
315 4001 466 4068 instituto
482 4004 676 4069 contionem
692 4003 900 4088 interrogare
911 4000 1194 4074 splendueris-
