2648 4446
335 328 406 390 nno
424 327 452 383 n.
472 327 592 384 snsno
612 327 745 389 onnno
764 329 783 397 s
801 327 913 383 ars-ra
1102 331 1141 397 13

108 520 192 588 ordo
227 520 451 586 cincinnatum
487 519 662 586 consulem
697 518 829 595 orabat;
864 536 942 583 nam
977 519 1059 585 alter
1087 518 1141 585 ille

108 632 263 699 horridus
286 635 319 698 et
335 650 472 699 severus
488 631 644 698 consulto
661 649 697 697 se
713 631 807 697 domi
823 631 1025 697 continebat.
1065 630 1143 711 Qua

108 748 180 811 tum
201 744 360 830 superbia
376 762 518 810 caenum
535 742 616 808 illud
634 761 673 809 ac
689 743 783 809 labes
800 743 999 828 amplissimi
1016 742 1143 809 ordinis

107 872 235 939 preces
264 860 297 923 et
320 855 579 922 clarissimomm
604 855 727 922 civium
751 855 904 921 lacrimas
927 856 1143 937 repudiavit,

108 987 163 1035 me
193 970 307 1055 ipsum
336 970 371 1033 ut
399 967 602 1052 contempsit
630 967 745 1033 helluo
774 967 913 1052 patriae!
953 986 1030 1034 nam
1060 967 1143 1053 quid

108 1099 175 1166 ego
208 1072 422 1167 ‘patrimonii'
457 1079 577 1159 dicam,
616 1078 710 1164 quod
745 1079 800 1146 ille
835 1083 954 1158 totum,
988 1080 1143 1165 quamvis

108 1195 288 1278 quaestum
311 1192 441 1266 iaceret,
469 1191 601 1258 amisit?
645 1191 794 1258 Venistis
817 1191 858 1258 ad
884 1193 1048 1271 senatum,
1071 1210 1143 1272 vos,

109 1305 258 1390 inquam,
284 1304 415 1389 equites
427 1302 581 1382 Romani,
605 1306 638 1370 et
661 1321 780 1370 omnes
804 1303 886 1370 boni
909 1307 1002 1371 veste
1018 1308 1144 1371 mutata

108 1434 239 1501 vosque
263 1434 324 1501 pro
348 1434 425 1482 meo
449 1417 558 1502 capite
581 1415 624 1481 ad
648 1415 754 1501 pedes
777 1415 910 1483 lenonis
926 1416 1144 1501 impurissimi

109 1529 306 1614 proiecistis,
330 1547 406 1594 cum
429 1529 548 1595 vestris
572 1527 727 1614 precibus
751 1527 793 1594 ab
817 1528 945 1595 latrone
969 1528 1026 1595 illo
1046 1548 1143 1614 repn-

111 1641 210 1707 diatis
233 1642 282 1707 vir
297 1639 485 1705 incredibili
500 1639 579 1719 iide,
602 1640 835 1724 magnitudine
851 1641 965 1721 animi,
989 1645 1144 1708 constan·

109 1754 165 1832 tia,
200 1753 234 1819 L.
263 1752 419 1831 Ninnius,
454 1752 496 1818 ad
532 1756 686 1819 senatum
727 1752 769 1818 de
799 1771 833 1818 re
861 1753 994 1839 publica
1022 1754 1146 1820 rettulit

109 1868 315 1950 senatusque
336 1865 493 1949 frequens
508 1868 637 1931 vestem
655 1882 716 1950 pro
733 1882 808 1930 mea
825 1865 932 1931 salute
948 1866 1144 1932 mutandam

108 1978 247 2044 censuit.
270 1976 370 2043 -Ο
401 1977 490 2043 diem
514 1976 619 2055 illum,
651 1977 789 2056 iudices
817 1977 987 2044 funestum
1012 1978 1143 2045 senatui
1161 1986 1198 2040 27

111 2089 281 2174 bonisque
310 2088 481 2168 omnibus,
509 2090 555 2154 rei
584 2088 740 2173 publicae
764 2089 968 2169 luctuosum,
997 2091 1078 2156 mibi
1103 2089 1145 2157 ad

110 2200 334 2267 domesticum
358 2218 543 2265 maerorem
567 2218 714 2284 gravem,
738 2202 780 2267 ad
798 2203 1000 2287 posteritatis
1016 2220 1145 2269 memo·

111 2313 192 2377 riam
210 2313 412 2398 gloriosum!
444 2312 535 2394 Quid
560 2312 650 2377 enim
670 2313 852 2398 quisquam
870 2315 981 2397 potest
997 2331 1038 2379 ex
1053 2315 1146 2379 omni

111 2425 273 2492 memoria
290 2443 422 2491 sumere
439 2425 600 2490 illustrius
616 2444 719 2511 quam
736 2443 797 2510 pro
815 2444 884 2493 uno
903 2426 974 2492 cive
990 2429 1023 2492 et
1035 2426 1146 2494 bonos

111 2554 230 2602 omnes
248 2538 377 2621 privato
389 2528 564 2603 'consensu
581 2540 614 2603 et
625 2537 820 2604 universum
837 2541 992 2604 senatum
1009 2540 1146 2625 publico

111 2648 253 2714 consilio
277 2652 427 2714 mutasse
449 2650 601 2715 vestem?
636 2667 724 2734 quae
748 2650 886 2734 quidem
909 2653 981 2716 tum
1005 2651 1146 2717 mutatio

111 2779 181 2825 non
204 2760 450 2845 deprecationis
473 2780 575 2828 causa
598 2764 649 2827 est
671 2761 767 2841 lacta,
792 2762 852 2829 sed
876 2762 994 2828 luctus.
1034 2762 1146 2843 Quem

112 2871 202 2936 enim
232 2872 456 2958 deprecarere,
487 2893 564 2941 cum
599 2893 719 2942 omnes
744 2875 825 2941 boni
850 2879 963 2942 essent
986 2874 1147 2942 sordidati

111 3001 258 3067 cumque
281 2986 345 3052 hoc
368 2986 448 3052 satis
472 2990 563 3053 esset
582 2987 670 3072 signi
687 3005 762 3053 esse
779 2987 982 3071 improbum,
999 2987 1057 3072 qui
1074 3005 1146 3052 mu-

111 3095 593 3167 mmmmb

200 3206 272 3271 llac
301 3209 486 3275 mutatione
513 3211 616 3277 vestis
644 3212 740 3291 iacta,
771 3214 865 3279 tanlo
893 3213 926 3277 in
955 3212 1045 3278 luctu
1069 3212 1147 3278 civi·
1166 3219 1200 3274 28

112 3319 188 3384 tatis
205 3320 325 3385 omitto
342 3320 424 3405 quid
437 3320 492 3387 ille
504 3323 658 3389 tribunus
672 3325 824 3390 omnium
837 3342 946 3390 rerum
960 3323 1147 3391 divinarum

113 3430 406 3516 humanarumque
422 3433 549 3518 praedo
565 3435 687 3514 iecerit,
704 3437 763 3520 qui
779 3436 900 3502 abesse
917 3435 1149 3502 nobilissimos

113 3541 360 3625 adulescentes,
385 3545 645 3613 honestissimos
668 3548 800 3632 equites
824 3547 1007 3627 Romanos
1031 3546 1148 3632 depre-

114 3656 242 3720 catores
266 3655 383 3722 salutis
407 3675 502 3723 meae
524 3659 657 3725 iusserit
673 3678 801 3745 eosque
818 3678 995 3745 operarum
1013 3678 1148 3725 suarum

115 3764 237 3848 gladiis
265 3769 298 3833 et
327 3768 498 3853 lapidibus
526 3770 700 3838 obiecerit:
731 3772 773 3838 de
796 3772 994 3838 consulibus
1018 3773 1149 3857 loquor,

115 3896 260 3962 quorum
294 3879 362 3947 iide
397 3899 449 3947 res
484 3882 618 3967 publica
654 3884 713 3949 niti
748 3883 874 3949 debuit.
931 3884 1149 3950 Exanimatus

115 3990 227 4056 evolat
257 3995 439 4058 exsenatu
464 4012 533 4059 non
558 3996 669 4061 minus
693 3996 886 4082 perturbato
910 3997 1025 4061 animo
1049 3998 1155 4076 atque
