2648 4446
351 308 422 369 PRO
440 307 470 362 P.
491 307 610 363 SESTIO
629 306 762 368 ORATIO
781 308 799 376 ξ
820 307 929 362 17-19.
1137 307 1158 373 9

124 501 315 586 insignibus
339 500 463 566 summi
487 500 626 566 honoris
649 502 751 584 atque
775 497 905 582 imperii
928 499 1065 564 ornatos
1085 514 1160 562 esse

123 613 390 680 arbitrabantur?
419 611 585 693 Quorum,
610 630 668 696 per
691 611 775 677 deos
791 609 1008 688 immortales,
1032 610 1060 674 si
1076 627 1159 675 non·

124 726 205 792 dum
244 725 368 791 scelera
403 724 611 809 vulneraque
645 723 756 789 inusta
790 722 836 788 rei
872 722 1027 807 publicae
1061 721 1161 788 vultis

123 839 298 918 recordari,
332 837 463 903 vultum
492 839 593 921 atque
621 836 790 901 incessum
819 835 941 901 animis
971 834 1161 900 intuemini:

122 951 253 1018 facilius
277 968 394 1015 eorum
418 950 502 1015 iacta
526 949 699 1015 occunent
721 947 891 1014 mentibus
907 948 1036 1027 vestris,
1060 948 1088 1013 si
1105 965 1162 1013 ora

124 1064 198 1148 ipsa
223 1063 330 1129 oculis
353 1061 623 1147 proposueritis]

212 1287 310 1352 Alter
333 1286 515 1371 unguentis
538 1285 692 1363 ailluens,
715 1284 937 1351 calamistrata
963 1302 1071 1361 coma,
1105 1283 1161 1348 de·
1182 1278 1215 1338 1⁸

126 1399 272 1484 spiciens
288 1398 443 1465 conscios
460 1400 652 1483 stuprorum
675 1416 714 1463 ac
735 1399 865 1463 veteres
883 1399 1058 1463 vexatores
1074 1398 1162 1461 aeta·

127 1511 214 1577 tulae
238 1530 330 1590 suae,
358 1511 484 1597 puteali
508 1512 541 1576 et
563 1510 808 1576 faeneratorum
833 1509 994 1594 gregibus
1018 1508 1163 1587 inflatus,

126 1642 145 1689 a
174 1623 300 1709 quibus
328 1623 527 1708 compulsus
556 1622 648 1702 olim,
683 1640 725 1687 ne
753 1621 787 1686 in
811 1620 964 1708 Scyllaeo
994 1620 1051 1686 illo
1079 1620 1164 1686 aeris

127 1736 227 1802 alieni
250 1737 424 1819 tamquam
447 1734 531 1800 iretu
557 1734 599 1799 ad
623 1733 816 1800 columnam
846 1734 1107 1812 adhaeresceret,
1131 1733 1164 1797 in

127 1848 316 1914 tribunatus
351 1849 484 1932 portum
520 1847 724 1932 perfugerat,
763 1847 1001 1913 contemnebat
1035 1847 1166 1931 equites

126 1959 311 2040 Romanos,
346 1959 562 2025 minitabatur
589 1959 732 2038 senatui,
766 1937 962 2025 venditabat
989 1977 1025 2024 se
1053 1958 1164 2043 operis

127 2075 229 2158 atque
253 2071 295 2138 ab
319 2072 360 2137 iis
377 2090 413 2138 se
430 2074 593 2157 ereptum,
617 2089 660 2136 ne
676 2070 718 2137 de
735 2071 863 2137 ambitu
879 2089 1016 2137 causam
1034 2071 1165 2149 diceret,

129 2184 344 2270 praedicabat
367 2182 409 2249 ab
434 2183 612 2268 isdemque
635 2201 672 2248 se
696 2184 796 2249 etiam
821 2184 925 2249 invito
950 2187 1068 2249 senatu
1090 2201 1165 2268 pro-

129 2296 273 2363 vinciam
302 2313 435 2380 sperare
464 2294 606 2374 dicebat,
635 2313 779 2379 eamque
808 2295 872 2361 nisi
900 2295 1043 2381 adeptus
1067 2296 1166 2373 esset,

128 2427 165 2474 se
189 2409 393 2475 incolumem
418 2407 511 2473 nullo
535 2407 640 2473 modo
663 2407 733 2473 tore
750 2407 978 2474 arbitrabatur.
996 2408 1164 2488 -Alter,
1184 2413 1216 2469 19

127 2540 148 2588 o
173 2522 206 2586 di
230 2521 323 2600 boni,
351 2539 453 2605 quam
478 2523 581 2586 laeter
604 2519 790 2600 incedebat,
822 2538 925 2605 quam
949 2520 1164 2598 truculentus,

126 2653 229 2718 quam
252 2633 408 2700 terribilis
431 2635 583 2718 aspectu!
616 2631 731 2700 Unum
748 2633 896 2718 aliquem
913 2636 945 2698 te
962 2652 1002 2698 ex
1018 2632 1164 2698 barbatis

125 2747 200 2826 illis,
225 2746 419 2831 exemplum
443 2745 574 2831 imperii
590 2745 721 2824 veteriS,
745 2745 928 2830 imaginem
946 2745 1162 2829 antiquitatis,

127 2859 284 2924 columen
308 2859 354 2924 rei
379 2857 533 2943 publicae
558 2857 685 2924 diceres
709 2857 838 2923 intueri.
877 2857 1026 2923 Vestitus
1049 2874 1166 2942 aspere

131 2971 243 3035 nostra
278 2970 340 3036 bac
374 2988 520 3055 purpura
548 2969 681 3055 plebeia
711 2988 749 3036 ac
779 2988 887 3056 paene
912 2970 1016 3049 tusca,
1043 2969 1165 3055 capillo

129 3083 174 3147 ita
211 3082 356 3162 horride,
391 3085 427 3148 ut
461 3082 590 3168 Capua,
625 3083 659 3147 in
694 3101 761 3168 qua
796 3083 870 3168 ipsa
904 3085 975 3148 tum
1010 3082 1167 3167 imaginis

131 3193 304 3260 ornandae
328 3212 428 3260 causa
445 3194 695 3261 duumviratum
712 3195 859 3280 gerebat,
884 3193 1071 3280 Seplasiam
1087 3194 1165 3260 sub-

130 3307 256 3374 laturus
280 3306 458 3373 videretur.
495 3306 582 3373 Nam
607 3306 689 3390 quid
710 3325 776 3392 ego
793 3307 835 3373 de
851 3307 1031 3392 supercilio
1048 3307 1166 3385 dicam,

130 3419 224 3504 quod
247 3421 318 3484 tum
343 3418 540 3486 hominibus
564 3437 633 3484 non
654 3420 880 3505 supercilium,
904 3419 964 3485 sed
982 3420 1106 3503 pignus
1121 3419 1166 3485 rei

132 3531 287 3616 publicae
324 3531 523 3598 videbatur?
568 3529 674 3596 Tanta
709 3534 778 3598 erat
811 3532 956 3616 gravitas
991 3530 1024 3595 in
1059 3532 1169 3610 oculo,

131 3646 222 3710 tanta
252 3644 435 3710 contractio
463 3644 591 3723 frontis,
622 3646 658 3709 ut
686 3644 744 3710 illo
773 3644 953 3729 supercilio
981 3662 1090 3710 annus
1113 3644 1168 3711 ille

133 3755 192 3819 nili
208 3758 381 3841 tamquam
397 3756 483 3822 vade
499 3755 675 3823 videretur.
710 3756 787 3822 Erat
803 3756 856 3821 hic
873 3756 1025 3821 omnium
1043 3775 1166 3822 sermo:

128 3865 321 3933 ‘esttamen
338 3868 383 3934 rei
400 3868 556 3954 publicae
573 3887 735 3953 magnum
748 3868 950 3953 firmumque
964 3869 1168 3947 subsidium;

130 3979 253 4060 habeo,
286 3998 387 4064 quem
418 3999 592 4067 opponam
620 3980 688 4047 labi
716 3980 764 4046 illi
791 3983 896 4073 atque
919 3981 1183 4085 gaenoq,gqul&u
