2648 4446
383 313 453 375 PRO
472 313 500 368 P.
520 313 641 369 SESTIO
661 313 794 374 ORATIO
813 313 832 382 §
849 314 926 369 5-7.
1153 317 1174 383 3

138 507 173 572 Ρ.
199 505 318 586 Sesti,
343 504 385 572 de
407 523 531 591 genere
554 504 652 583 vitae,
677 502 719 569 de
736 507 863 584 natura,
888 503 930 570 de
946 505 1108 585 moribus,
1133 505 1176 571 de

139 618 324 686 incredibili
352 635 467 685 amore
496 617 530 682 in
559 616 681 695 bonos,
710 616 753 682 de
782 615 895 684 studio
923 615 1175 684 conservandae

138 730 255 798 salutis
280 731 472 799 communis
496 732 597 814 atque
621 729 680 795 otii
704 729 987 815 contendamque,
1018 729 1045 795 si
1070 729 1176 796 modo

50 845 54 849 ’
138 842 172 909 id
197 844 362 929 consequi
387 846 515 929 potero,
539 843 632 910 utin
657 843 719 910 hac
741 843 882 911 confusa
903 844 1004 927 atque
1020 843 1176 909 universa

139 954 337 1023 defensione
361 955 443 1022 nihil
466 974 485 1022 a
510 974 574 1036 me,
598 956 692 1040 quod
709 955 752 1021 ad
768 959 912 1023 vestram
930 955 1176 1041 quaestionem,

139 1067 233 1148 nihil,
262 1067 354 1153 quod
383 1067 425 1134 ad
456 1086 560 1144 reum,
591 1068 683 1149 nihil,
712 1068 806 1153 quod
835 1068 974 1134 adrem
1005 1067 1174 1154 publicam

138 1180 312 1265 pertineat,
340 1182 613 1266 praetermissum
642 1198 718 1247 esse
740 1180 902 1247 videatur.
948 1178 989 1244 Et
1012 1180 1174 1264 quoniam

139 1293 173 1356 in
189 1293 397 1376 gravissimis
414 1293 624 1380 temporibus
641 1292 783 1359 civitatis
799 1293 899 1376 atque
916 1292 950 1358 in
967 1291 1072 1356 ruinis
1083 1308 1174 1357 ever-

139 1422 197 1471 sae
220 1408 322 1490 atque
345 1405 487 1472 afflictae
511 1406 557 1472 rei
581 1404 736 1491 publicae
752 1403 787 1470 P.
805 1402 892 1470 Sesti
915 1402 1104 1469 tribunatus
1124 1405 1176 1469 est

139 1536 158 1583 a
173 1517 306 1586 fortuna
322 1518 397 1604 ipsa
412 1516 607 1597 collocatus,
624 1536 693 1585 non
709 1516 887 1602 aggrediar
901 1515 944 1581 ad
960 1514 1016 1581 illa
1029 1514 1175 1580 maxima

139 1632 241 1715 atque
265 1630 486 1714 amplissima,
516 1631 713 1715 priusquam
737 1627 895 1706 docuero,
924 1627 1049 1712 quibus
1072 1626 1175 1692 initiis

139 1761 179 1809 ac
205 1741 434 1809 fundamentis
465 1743 528 1810 hae
556 1744 667 1809 tantae
699 1741 842 1807 summis
871 1741 905 1805 in
933 1739 1033 1807 rebus
1056 1737 1176 1805 laudes

139 1855 300 1921 excitatae
325 1855 400 1920 sint.

551 2021 760 2031 --——-——

227 2195 357 2256 Parenta
380 2192 416 2257 P.
441 2191 571 2259 Sestius
596 2194 694 2258 natus
718 2195 778 2272 est,
803 2191 942 2272 iudices,
966 2192 1114 2272 homine,
1139 2194 1210 2258 uto

140 2302 292 2388 plerique
320 2305 531 2383 meministis,
560 2306 593 2370 et
616 2305 768 2389 sapiente
792 2307 824 2371 et
846 2307 963 2371 sancto
987 2307 1021 2371 et
1043 2323 1175 2383 sevcr03

139 2416 197 2500 qui
221 2434 296 2483 cum
320 2417 475 2483 tribunus
498 2416 542 2502 pl.
566 2417 695 2502 primus
718 2417 804 2484 inter
826 2416 981 2483 homines
1005 2416 1175 2483 nobilissi-

139 2547 215 2597 mos
238 2530 449 2614 temporibus
473 2530 611 2614 optimis
634 2529 741 2595 factus
762 2532 861 2607 esset,
885 2529 1023 2613 reliquis
1038 2528 1193 2596 honoris

139 2642 204 2707 bus
239 2661 308 2711 non
342 2645 410 2708 tam
446 2642 493 2708 uti
527 2641 635 2708 voluit
669 2659 772 2726 quam
807 2640 932 2727 dignus
959 2641 1074 2708 videri.
1125 2640 1174 2708 Eo

139 2757 274 2822 auctore
309 2755 403 2822 duxit
431 2754 663 2823 honestissimi
691 2756 724 2819 et
758 2754 994 2838 spectatissimi
1029 2753 1100 2831 viri,
1136 2752 1173 2820 C.

139 2870 262 2948 Albini,
285 2869 401 2948 filiam,
425 2886 467 2934 ex
490 2885 557 2952 qua
580 2866 634 2933 bic
658 2868 708 2932 est
732 2884 815 2951 puer
838 2867 871 2931 et
891 2868 995 2950 nupta
1011 2866 1078 2931 iarn
1095 2865 1174 2931 filia.

140 2981 285 3049 Duobus
309 2982 361 3047 his
384 2980 603 3066 gravissimae
627 2978 835 3063 antiquitatis
855 2977 933 3043 viris
950 2977 997 3043 sic
1013 2977 1175 3061 probatus

141 3094 213 3174 fuit,
242 3097 278 3161 ut
305 3095 437 3179 utrique
464 3110 582 3160 eorum
606 3094 639 3157 et
662 3108 758 3157 carus
782 3090 927 3156 maxime
951 3083 984 3156 et
1006 3087 1175 3155 iucundus

140 3209 239 3274 esset.
285 3206 420 3272 Ademit
441 3205 565 3272 Albino
590 3204 697 3271 soceri
721 3221 846 3271 nomen
870 3220 961 3268 mors
984 3201 1084 3281 filiae,
1114 3202 1175 3267 sed

139 3321 309 3387 caritatem
337 3317 427 3383 illius
457 3317 716 3384 necessitudinis
745 3318 778 3382 et
805 3313 1077 3382 benevolentiam
1105 3330 1174 3377 non
1233 3329 1240 3340 ·

139 3433 274 3499 ademit.
321 3429 434 3498 Hodie
458 3429 506 3496 sic
528 3430 618 3496 bunc
641 3428 759 3514 diligit,
784 3430 820 3494 ut
842 3445 904 3494 vos
927 3424 1084 3492 facillime
1101 3427 1174 3509 pot·

140 3546 220 3613 estis
251 3564 292 3612 ex
319 3545 381 3611 hac
407 3544 460 3610 vel
489 3541 686 3610 assiduitate
714 3541 787 3607 eius
816 3539 869 3606 vel
893 3535 1118 3604 sollicitudine
1142 3539 1175 3602 et

140 3657 295 3724 molestia
323 3656 480 3722 iudicare.
526 3655 629 3721 Duxit
656 3671 795 3720 uxorem
827 3653 919 3737 patre
946 3650 1024 3716 vivo
1053 3649 1209 3733 optimi?

140 3770 174 3834 et
199 3769 483 3836 calamitosissimi
506 3768 567 3835 viri
589 3767 705 3845 filiam,
733 3767 767 3832 L.
792 3762 970 3847 Scipionis.
1018 3760 1115 3828 Clara
1139 3760 1173 3825 in

139 3882 204 3949 boc
233 3881 269 3948 P.
294 3880 381 3948 Sesti
410 3881 518 3966 pietas
545 3879 670 3946 exstitit
697 3880 731 3944 et
757 3875 918 3943 omnibus
946 3876 1049 3959 grata,
1080 3872 1173 3956 quod

139 3997 172 4061 et
193 3993 381 4060 Massiliam
406 3994 516 4059 statim
541 3992 710 4077 profectus
734 3992 795 4069 est,
823 3990 861 4053 ut
882 4004 1043 4053 socerum
1059 3984 1184 4048 uidexe

1009 4101 1045 4151 xit
