2648 4446
292 319 362 380 PRO
381 318 409 372 P.
429 318 548 374 SESTIO
568 317 700 377 ORATIO
719 318 737 386 ὃ
759 317 901 372 131-137,
1075 319 1118 386 65

79 510 186 595 spent,
215 509 304 575 idem
334 509 434 576 etiam
458 509 566 594 ipsius
589 508 743 575 coloniae
766 507 998 587 Brundisinae,
1022 508 1113 575 idem

81 621 220 700 Salutis,
258 640 404 707 cumque
443 639 497 686 me
531 620 655 687 domus
689 620 808 686 eadem
843 621 1048 705 optimorum
1084 624 1117 687 et

80 734 353 801 doctissimorum
382 735 529 800 virorum
553 733 599 798 Μ.
624 733 725 800 Laeni
753 732 861 799 Flacci
890 737 923 800 et
950 734 1053 819 patris
1085 736 1118 799 et

79 847 186 914 tratris
211 848 283 913 eius
307 846 489 912 laetissima
514 846 707 931 accepisset,
736 863 823 931 quae
847 846 1001 931 proximo
1025 865 1116 914 anno

80 977 234 1026 maerens
258 960 425 1043 receperat
449 960 481 1024 et
499 976 562 1024 suo
579 957 749 1043 praesidio
765 957 983 1044 periculoque
1000 958 1114 1024 deten-

81 1071 183 1137 derat.
229 1071 379 1138 Cunctae
406 1071 523 1136 itinere
551 1073 623 1136 toto
650 1070 750 1136 urbes
774 1070 886 1136 ltaliae
912 1071 1017 1137 testos
1041 1070 1114 1137 dies

81 1201 180 1267 agere
203 1182 368 1249 adventus
389 1183 456 1248 mei
471 1182 680 1261 videbantur,
704 1183 779 1248 viae
796 1181 1009 1248 multitudine
1025 1182 1116 1268 lega·

80 1297 190 1361 torum
226 1295 376 1380 undique
411 1296 591 1363 missorum
626 1294 888 1374 celebrabantur,
923 1294 965 1360 ad
1000 1295 1116 1361 urbem

81 1425 236 1473 accessus
271 1407 456 1473 incredibili
491 1407 667 1473 hominum
703 1406 917 1472 mullitudine
944 1408 977 1472 el
1004 1409 1117 1492 gratu·

80 1520 205 1586 latione
227 1520 378 1599 ilorebat,
402 1521 463 1586 iter
486 1539 504 1585 a
528 1522 634 1604 porta,
658 1520 692 1584 in
714 1519 919 1604 Capitolium
943 1537 1114 1599 ascensus,

81 1633 222 1700 domum
249 1633 375 1699 reditus
399 1635 468 1699 erat
491 1634 564 1699 eius
588 1632 691 1712 modi,
719 1636 756 1698 ut
778 1651 910 1699 summa
933 1633 968 1697 in
991 1632 1116 1699 laetitia

80 1744 164 1812 illud
198 1745 359 1824 dolerem,
393 1747 559 1812 civitatem
593 1750 660 1811 tam
696 1747 823 1830 gratam
858 1749 926 1811 tam
957 1746 1113 1811 miseram

81 1862 182 1943 atque
205 1877 404 1945 oppressam
427 1859 541 1925 luisse.
557 1897 601 1906 —
617 1858 732 1925 Habes
756 1859 866 1943 igitur,
890 1844 983 1943 quod
1004 1877 1045 1924 ex
1062 1876 1116 1923 me

81 1972 253 2057 quaesisti,
278 1972 335 2055 qui
359 1972 473 2038 essent
497 1972 687 2056 optimates.

80 2120 1116 2131 ----------------
1136 2093 1219 2149 132-

80 2232 1115 2244 ----------------
1135 2181 1185 2239 135

167 2418 234 2486 Sed
263 2422 299 2485 ul
326 2423 510 2487 extremum
539 2420 661 2486 habeat
688 2420 815 2505 aliquid
843 2421 949 2489 oratio
973 2439 1048 2487 mea
1076 2423 1109 2487 et
1130 2427 1180 2483 136

81 2534 117 2598 ut
139 2549 205 2617 ego
229 2535 306 2598 ante
329 2532 462 2599 dicendi
486 2533 589 2599 tinem
612 2533 731 2599 faciam
756 2551 858 2619 quam
880 2551 943 2599 vos
959 2534 1025 2598 mei
1042 2535 1110 2599 tam

80 2645 205 2710 attente
215 2644 385 2723 audiendi,
396 2645 596 2713 concludam
607 2645 688 2711 illud
701 2645 744 2711 de
754 2645 973 2730 optimatibus
984 2662 1115 2711 eorum-

82 2772 148 2839 que
175 2757 384 2842 principibus
406 2776 444 2823 ac
468 2758 513 2824 rei
537 2757 692 2843 publicae
716 2757 950 2823 defensoribus
973 2775 1114 2843 vosque,

81 2866 324 2947 adulescentes,
348 2871 381 2934 et
403 2869 461 2954 qui
482 2869 614 2936 nobiles
631 2871 721 2949 estis,
745 2870 788 2936 ad
804 2870 970 2935 maiorum
987 2873 1114 2935 vestro·

81 2997 153 3044 rum
182 2979 403 3047 imitationem
433 2982 596 3060 excitabo,
625 2985 658 3048 et
685 2983 743 3067 qui
771 2981 910 3066 ingenio
933 3000 972 3049 ac
994 2982 1115 3049 virtute

81 3089 290 3156 nobilitatem
318 3094 459 3176 potestis
487 3094 661 3180 consequi,
696 3094 739 3160 ad
768 3112 843 3160 eam
871 3096 1045 3175 rationem,
1079 3096 1114 3160 in

80 3221 146 3286 qua
171 3202 266 3268 multi
288 3203 444 3270 homines
460 3207 539 3273 novi
556 3207 732 3272 ethonore
748 3210 781 3272 et
796 3206 902 3292 gloria
918 3206 1114 3285 floruerunt,

79 3319 272 3381 cohortabor.

165 3428 258 3495 Haec
292 3430 343 3495 est
377 3445 451 3495 una
485 3429 555 3510 vla,
589 3431 671 3496 mihi
705 3430 837 3510 credite,
874 3433 906 3497 el
939 3430 1048 3496 laudis
1080 3434 1114 3497 et
1134 3438 1183 3494 137

79 3538 250 3624 dignitatis
285 3544 318 3607 et
352 3542 500 3620 honoris,
536 3561 554 3608 a
589 3542 689 3608 bonis
722 3544 801 3610 viris
836 3543 1047 3628 sapientibus
1081 3547 1114 3610 et

78 3650 165 3717 bene
199 3656 316 3719 natura
350 3655 540 3721 constitutis
574 3655 702 3721 laudari
731 3659 764 3722 et
791 3655 895 3741 diligi,
931 3674 1033 3722 nosse
1064 3656 1112 3722 di-

79 3762 293 3846 scriptionem
316 3767 457 3833 civitatis
481 3786 500 3832 a
523 3768 708 3834 maioribus
725 3768 847 3834 nostris
864 3768 1112 3852 sapientissime

77 3875 302 3955 constitutam,
327 3879 384 3964 qui
408 3897 484 3945 cum
508 3897 625 3964 regum
643 3881 844 3965 potestatem
861 3897 930 3945 non
945 3879 1110 3958 tulissent,

76 3988 121 4053 ita
145 3988 360 4073 magistratus
384 4009 516 4057 annuos
539 3993 744 4072 creaverunt,
766 3993 804 4057 ut
817 3991 1113 4058 consiliumsena-

123 4104 208 4157 Cicero,
221 4117 265 4160 pro
279 4106 361 4152 Sestio.
388 4109 451 4154 Text
945 4107 970 4161 ἲ)
1199 4108 1284 4200 .
